ts_recv,ts_event,rtype,publisher_id,instrument_id,action,side,depth,price,size,flags,ts_in_delta,sequence,symbol
2026-02-16 14:15:00.030707765+00:00,2026-02-16 14:15:00.030384149+00:00,0,1,42140878,T,A,0,6862.75,2,0,15349,1468368,ES.v.0
2026-02-16 14:15:00.033871624+00:00,2026-02-16 14:15:00.033523939+00:00,0,1,42140878,T,A,0,6862.5,6,0,12775,1468393,ES.v.0
2026-02-16 14:15:00.034056511+00:00,2026-02-16 14:15:00.033820663+00:00,0,1,42140878,T,A,0,6862.5,1,0,12483,1468395,ES.v.0
2026-02-16 14:15:00.034119330+00:00,2026-02-16 14:15:00.033857373+00:00,0,1,42140878,T,A,0,6862.5,2,0,11925,1468397,ES.v.0
2026-02-16 14:15:00.380154043+00:00,2026-02-16 14:15:00.379850457+00:00,0,1,42140878,T,B,0,6863.0,2,0,12897,1468526,ES.v.0
2026-02-16 14:15:00.383072752+00:00,2026-02-16 14:15:00.382844257+00:00,0,1,42140878,T,A,0,6863.0,1,0,12599,1468544,ES.v.0
2026-02-16 14:15:00.520534679+00:00,2026-02-16 14:15:00.520286179+00:00,0,1,42140878,T,A,0,6862.75,1,0,12757,1468588,ES.v.0
2026-02-16 14:15:00.567630453+00:00,2026-02-16 14:15:00.567379099+00:00,0,1,42140878,T,A,0,6862.5,1,0,13269,1468598,ES.v.0
2026-02-16 14:15:00.645353565+00:00,2026-02-16 14:15:00.645094115+00:00,0,1,42140878,T,B,0,6862.75,1,0,12718,1468635,ES.v.0
2026-02-16 14:15:00.959580632+00:00,2026-02-16 14:15:00.959299905+00:00,0,1,42140878,T,A,0,6862.5,2,0,13342,1468656,ES.v.0
2026-02-16 14:15:01.216828006+00:00,2026-02-16 14:15:01.216569713+00:00,0,1,42140878,T,A,0,6862.5,1,0,13600,1468723,ES.v.0
2026-02-16 14:15:01.897332655+00:00,2026-02-16 14:15:01.896843765+00:00,0,1,42140878,T,A,0,6862.25,7,0,13808,1468870,ES.v.0
2026-02-16 14:15:01.897332655+00:00,2026-02-16 14:15:01.896843765+00:00,0,1,42140878,T,A,0,6862.0,7,0,13808,1468870,ES.v.0
2026-02-16 14:15:01.898035088+00:00,2026-02-16 14:15:01.897369599+00:00,0,1,42140878,T,B,0,6862.25,1,0,12755,1468887,ES.v.0
2026-02-16 14:15:01.898093818+00:00,2026-02-16 14:15:01.897370475+00:00,0,1,42140878,T,B,0,6862.25,1,0,13701,1468888,ES.v.0
2026-02-16 14:15:02.003088389+00:00,2026-02-16 14:15:02.002849621+00:00,0,1,42140878,T,A,0,6862.25,1,0,12907,1468947,ES.v.0
2026-02-16 14:15:02.015613392+00:00,2026-02-16 14:15:02.015351403+00:00,0,1,42140878,T,B,0,6862.25,1,0,13089,1468978,ES.v.0
2026-02-16 14:15:02.574923328+00:00,2026-02-16 14:15:02.574679139+00:00,0,1,42140878,T,A,0,6862.0,2,0,12556,1469040,ES.v.0
2026-02-16 14:15:02.574984592+00:00,2026-02-16 14:15:02.574686781+00:00,0,1,42140878,T,A,0,6862.0,4,0,12126,1469041,ES.v.0
2026-02-16 14:15:02.575078360+00:00,2026-02-16 14:15:02.574690257+00:00,0,1,42140878,T,A,0,6862.0,4,0,13654,1469042,ES.v.0
2026-02-16 14:15:02.575078360+00:00,2026-02-16 14:15:02.574691867+00:00,0,1,42140878,T,A,0,6862.0,2,0,13654,1469042,ES.v.0
2026-02-16 14:15:02.575118417+00:00,2026-02-16 14:15:02.574693481+00:00,0,1,42140878,T,A,0,6862.0,2,0,13050,1469043,ES.v.0
2026-02-16 14:15:02.575171667+00:00,2026-02-16 14:15:02.574926809+00:00,0,1,42140878,T,A,0,6862.0,2,0,13102,1469044,ES.v.0
2026-02-16 14:15:02.576301163+00:00,2026-02-16 14:15:02.576055009+00:00,0,1,42140878,T,B,0,6862.0,2,0,13012,1469070,ES.v.0
2026-02-16 14:15:02.732016352+00:00,2026-02-16 14:15:02.731756847+00:00,0,1,42140878,T,B,0,6862.25,1,0,12822,1469100,ES.v.0
2026-02-16 14:15:03.246280890+00:00,2026-02-16 14:15:03.246038005+00:00,0,1,42140878,T,B,0,6862.0,1,0,12572,1469221,ES.v.0
2026-02-16 14:15:03.246542571+00:00,2026-02-16 14:15:03.246287653+00:00,0,1,42140878,T,B,0,6862.0,1,0,12552,1469224,ES.v.0
2026-02-16 14:15:03.583959031+00:00,2026-02-16 14:15:03.583593715+00:00,0,1,42140878,T,A,0,6861.75,3,0,12514,1469316,ES.v.0
2026-02-16 14:15:03.583974524+00:00,2026-02-16 14:15:03.583593715+00:00,0,1,42140878,T,A,0,6861.5,2,0,12828,1469317,ES.v.0
2026-02-16 14:15:03.583974524+00:00,2026-02-16 14:15:03.583593715+00:00,0,1,42140878,T,A,0,6861.5,1,0,12828,1469317,ES.v.0
2026-02-16 14:15:03.583974524+00:00,2026-02-16 14:15:03.583593715+00:00,0,1,42140878,T,A,0,6861.5,1,0,12828,1469317,ES.v.0
2026-02-16 14:15:03.585283167+00:00,2026-02-16 14:15:03.585052735+00:00,0,1,42140878,T,B,0,6861.75,1,0,12700,1469347,ES.v.0
2026-02-16 14:15:03.594911962+00:00,2026-02-16 14:15:03.594649951+00:00,0,1,42140878,T,A,0,6861.5,2,0,12655,1469362,ES.v.0
2026-02-16 14:15:03.630120005+00:00,2026-02-16 14:15:03.629876947+00:00,0,1,42140878,T,B,0,6861.75,1,0,12800,1469385,ES.v.0
2026-02-16 14:15:03.692809397+00:00,2026-02-16 14:15:03.692526215+00:00,0,1,42140878,T,A,0,6861.75,2,0,13639,1469398,ES.v.0
2026-02-16 14:15:03.780754453+00:00,2026-02-16 14:15:03.780526335+00:00,0,1,42140878,T,B,0,6861.75,1,0,12485,1469420,ES.v.0
2026-02-16 14:15:04.296293799+00:00,2026-02-16 14:15:04.296007521+00:00,0,1,42140878,T,A,0,6861.75,1,0,12641,1469513,ES.v.0
2026-02-16 14:15:04.383722021+00:00,2026-02-16 14:15:04.383430323+00:00,0,1,42140878,T,B,0,6862.0,1,0,12569,1469565,ES.v.0
2026-02-16 14:15:04.383936264+00:00,2026-02-16 14:15:04.383705965+00:00,0,1,42140878,T,B,0,6862.0,1,0,12433,1469567,ES.v.0
2026-02-16 14:15:04.430775503+00:00,2026-02-16 14:15:04.430525201+00:00,0,1,42140878,T,B,0,6862.0,1,0,12391,1469580,ES.v.0
2026-02-16 14:15:04.474246640+00:00,2026-02-16 14:15:04.473968707+00:00,0,1,42140878,T,A,0,6861.75,1,0,13360,1469596,ES.v.0
2026-02-16 14:15:04.618359290+00:00,2026-02-16 14:15:04.618118661+00:00,0,1,42140878,T,A,0,6861.75,1,0,12503,1469615,ES.v.0
2026-02-16 14:15:04.635173370+00:00,2026-02-16 14:15:04.634929903+00:00,0,1,42140878,T,A,0,6861.75,2,0,13217,1469619,ES.v.0
2026-02-16 14:15:04.644304528+00:00,2026-02-16 14:15:04.644059813+00:00,0,1,42140878,T,B,0,6862.0,1,0,13162,1469632,ES.v.0
2026-02-16 14:15:04.871213154+00:00,2026-02-16 14:15:04.870926529+00:00,0,1,42140878,T,A,0,6862.0,2,0,12881,1469677,ES.v.0
2026-02-16 14:15:04.881722456+00:00,2026-02-16 14:15:04.881387651+00:00,0,1,42140878,T,B,0,6862.25,5,0,12676,1469685,ES.v.0
2026-02-16 14:15:05.003617923+00:00,2026-02-16 14:15:05.003343665+00:00,0,1,42140878,T,A,0,6862.25,1,0,13043,1469717,ES.v.0
2026-02-16 14:15:05.382384133+00:00,2026-02-16 14:15:05.382126681+00:00,0,1,42140878,T,A,0,6862.0,1,0,12901,1469792,ES.v.0
2026-02-16 14:15:05.610427807+00:00,2026-02-16 14:15:05.610160323+00:00,0,1,42140878,T,A,0,6862.0,1,0,12778,1469822,ES.v.0
2026-02-16 14:15:05.856541485+00:00,2026-02-16 14:15:05.856252153+00:00,0,1,42140878,T,B,0,6862.25,3,0,12585,1469836,ES.v.0
2026-02-16 14:15:05.968924088+00:00,2026-02-16 14:15:05.968694067+00:00,0,1,42140878,T,A,0,6862.25,1,0,12665,1469849,ES.v.0
2026-02-16 14:15:05.969104539+00:00,2026-02-16 14:15:05.968887825+00:00,0,1,42140878,T,A,0,6862.25,1,0,12413,1469851,ES.v.0
2026-02-16 14:15:06.218651019+00:00,2026-02-16 14:15:06.218396911+00:00,0,1,42140878,T,A,0,6862.0,1,0,12511,1469869,ES.v.0
2026-02-16 14:15:07.407302107+00:00,2026-02-16 14:15:07.407046497+00:00,0,1,42140878,T,A,0,6862.25,1,0,12742,1469956,ES.v.0
2026-02-16 14:15:07.604023498+00:00,2026-02-16 14:15:07.603790463+00:00,0,1,42140878,T,A,0,6862.25,2,0,12392,1469970,ES.v.0
2026-02-16 14:15:09.159273275+00:00,2026-02-16 14:15:09.159008157+00:00,0,1,42140878,T,B,0,6862.5,1,0,12648,1470084,ES.v.0
2026-02-16 14:15:09.839437085+00:00,2026-02-16 14:15:09.838912333+00:00,0,1,42140878,T,A,0,6862.0,9,0,15834,1470124,ES.v.0
2026-02-16 14:15:09.839437085+00:00,2026-02-16 14:15:09.838912333+00:00,0,1,42140878,T,A,0,6861.75,6,0,15834,1470124,ES.v.0
2026-02-16 14:15:09.840045943+00:00,2026-02-16 14:15:09.839495373+00:00,0,1,42140878,T,B,0,6862.0,2,0,12553,1470150,ES.v.0
2026-02-16 14:15:09.840120743+00:00,2026-02-16 14:15:09.839502707+00:00,0,1,42140878,T,B,0,6862.0,1,0,12925,1470151,ES.v.0
2026-02-16 14:15:10.281696917+00:00,2026-02-16 14:15:10.281411359+00:00,0,1,42140878,T,B,0,6862.25,2,0,12884,1470229,ES.v.0
2026-02-16 14:15:10.582373727+00:00,2026-02-16 14:15:10.582105801+00:00,0,1,42140878,T,A,0,6862.0,1,0,14920,1470264,ES.v.0
2026-02-16 14:15:11.848920746+00:00,2026-02-16 14:15:11.848646167+00:00,0,1,42140878,T,B,0,6862.25,1,0,13985,1470295,ES.v.0
2026-02-16 14:15:12.647067011+00:00,2026-02-16 14:15:12.646817475+00:00,0,1,42140878,T,A,0,6862.0,1,0,12745,1470323,ES.v.0
2026-02-16 14:15:12.647343842+00:00,2026-02-16 14:15:12.647076931+00:00,0,1,42140878,T,A,0,6862.0,2,0,12702,1470325,ES.v.0
2026-02-16 14:15:12.820419610+00:00,2026-02-16 14:15:12.820066533+00:00,0,1,42140878,T,A,0,6861.75,7,0,13095,1470351,ES.v.0
2026-02-16 14:15:13.148989583+00:00,2026-02-16 14:15:13.148742611+00:00,0,1,42140878,T,A,0,6861.75,1,0,13192,1470442,ES.v.0
2026-02-16 14:15:13.248320203+00:00,2026-02-16 14:15:13.248058099+00:00,0,1,42140878,T,B,0,6861.75,2,0,12876,1470490,ES.v.0
2026-02-16 14:15:13.657383637+00:00,2026-02-16 14:15:13.657117497+00:00,0,1,42140878,T,B,0,6862.0,1,0,12971,1470566,ES.v.0
2026-02-16 14:15:14.310522416+00:00,2026-02-16 14:15:14.310251217+00:00,0,1,42140878,T,A,0,6861.75,1,0,12776,1470617,ES.v.0
2026-02-16 14:15:14.324965726+00:00,2026-02-16 14:15:14.324709795+00:00,0,1,42140878,T,B,0,6862.0,1,0,12715,1470629,ES.v.0
2026-02-16 14:15:14.604951491+00:00,2026-02-16 14:15:14.604680111+00:00,0,1,42140878,T,A,0,6862.0,2,0,12864,1470676,ES.v.0
2026-02-16 14:15:14.820188739+00:00,2026-02-16 14:15:14.819179347+00:00,0,1,42140878,T,B,0,6862.5,1,0,13158,1470721,ES.v.0
2026-02-16 14:15:15.191202989+00:00,2026-02-16 14:15:15.190057859+00:00,0,1,42140878,T,A,0,6862.25,3,0,12969,1470792,ES.v.0
2026-02-16 14:15:15.191305512+00:00,2026-02-16 14:15:15.190073907+00:00,0,1,42140878,T,A,0,6862.25,1,0,12690,1470794,ES.v.0
2026-02-16 14:15:15.191373861+00:00,2026-02-16 14:15:15.190088039+00:00,0,1,42140878,T,A,0,6862.25,2,0,12327,1470795,ES.v.0
2026-02-16 14:15:15.648900901+00:00,2026-02-16 14:15:15.648602325+00:00,0,1,42140878,T,B,0,6862.5,1,0,12729,1470916,ES.v.0
2026-02-16 14:15:15.649134667+00:00,2026-02-16 14:15:15.648852627+00:00,0,1,42140878,T,B,0,6862.5,2,0,13017,1470919,ES.v.0
2026-02-16 14:15:15.649362407+00:00,2026-02-16 14:15:15.649134873+00:00,0,1,42140878,T,B,0,6862.5,1,0,12736,1470922,ES.v.0
2026-02-16 14:15:17.273134515+00:00,2026-02-16 14:15:17.272829045+00:00,0,1,42140878,T,B,0,6862.5,2,0,12720,1471025,ES.v.0
2026-02-16 14:15:17.273312874+00:00,2026-02-16 14:15:17.273092341+00:00,0,1,42140878,T,B,0,6862.5,1,0,12610,1471027,ES.v.0
2026-02-16 14:15:18.046132699+00:00,2026-02-16 14:15:18.045792201+00:00,0,1,42140878,T,B,0,6862.5,2,0,12569,1471089,ES.v.0
2026-02-16 14:15:18.046341104+00:00,2026-02-16 14:15:18.046104207+00:00,0,1,42140878,T,B,0,6862.5,1,0,12395,1471091,ES.v.0
2026-02-16 14:15:18.496459567+00:00,2026-02-16 14:15:18.496222495+00:00,0,1,42140878,T,B,0,6862.5,1,0,12697,1471122,ES.v.0
2026-02-16 14:15:20.457124671+00:00,2026-02-16 14:15:20.456743815+00:00,0,1,42140878,T,A,0,6862.25,5,0,13654,1471196,ES.v.0
2026-02-16 14:15:20.457198548+00:00,2026-02-16 14:15:20.456776743+00:00,0,1,42140878,T,A,0,6862.25,1,0,11409,1471199,ES.v.0
2026-02-16 14:15:20.457267952+00:00,2026-02-16 14:15:20.457051961+00:00,0,1,42140878,T,A,0,6862.25,1,0,12952,1471200,ES.v.0
2026-02-16 14:15:22.896830806+00:00,2026-02-16 14:15:22.896503051+00:00,0,1,42140878,T,A,0,6862.25,5,0,14596,1471337,ES.v.0
2026-02-16 14:15:23.463606155+00:00,2026-02-16 14:15:23.463282715+00:00,0,1,42140878,T,B,0,6862.25,3,0,14376,1471372,ES.v.0
2026-02-16 14:15:23.463685448+00:00,2026-02-16 14:15:23.463393283+00:00,0,1,42140878,T,A,0,6862.25,1,0,11421,1471374,ES.v.0
2026-02-16 14:15:24.974195019+00:00,2026-02-16 14:15:24.973915531+00:00,0,1,42140878,T,A,0,6862.0,2,0,12934,1471455,ES.v.0
2026-02-16 14:15:24.974486978+00:00,2026-02-16 14:15:24.974198527+00:00,0,1,42140878,T,A,0,6862.0,3,0,12661,1471459,ES.v.0
2026-02-16 14:15:24.990900987+00:00,2026-02-16 14:15:24.990636461+00:00,0,1,42140878,T,B,0,6862.0,3,0,13912,1471477,ES.v.0
2026-02-16 14:15:25.280865031+00:00,2026-02-16 14:15:25.280541229+00:00,0,1,42140878,T,A,0,6862.0,5,0,14897,1471522,ES.v.0
2026-02-16 14:15:25.282510115+00:00,2026-02-16 14:15:25.282276853+00:00,0,1,42140878,T,B,0,6862.0,1,0,13003,1471541,ES.v.0
2026-02-16 14:15:25.424531525+00:00,2026-02-16 14:15:25.424286331+00:00,0,1,42140878,T,A,0,6862.0,1,0,12371,1471582,ES.v.0
2026-02-16 14:15:25.540251480+00:00,2026-02-16 14:15:25.539994809+00:00,0,1,42140878,T,B,0,6862.25,1,0,14511,1471594,ES.v.0
2026-02-16 14:15:25.540551042+00:00,2026-02-16 14:15:25.540343235+00:00,0,1,42140878,T,A,0,6862.0,1,0,12370,1471599,ES.v.0
2026-02-16 14:15:26.756639079+00:00,2026-02-16 14:15:26.756371599+00:00,0,1,42140878,T,B,0,6862.0,1,0,13360,1471723,ES.v.0
2026-02-16 14:15:28.385853+00:00,2026-02-16 14:15:28.385596343+00:00,0,1,42140878,T,A,0,6862.0,1,0,12299,1471881,ES.v.0
2026-02-16 14:15:29.339232578+00:00,2026-02-16 14:15:29.338955795+00:00,0,1,42140878,T,B,0,6862.0,1,0,12478,1471986,ES.v.0
2026-02-16 14:15:29.515290869+00:00,2026-02-16 14:15:29.515040473+00:00,0,1,42140878,T,A,0,6861.75,1,0,12787,1472003,ES.v.0
2026-02-16 14:15:29.960453327+00:00,2026-02-16 14:15:29.960115759+00:00,0,1,42140878,T,B,0,6862.0,2,0,15167,1472026,ES.v.0
2026-02-16 14:15:30.104652330+00:00,2026-02-16 14:15:30.104399241+00:00,0,1,42140878,T,A,0,6861.75,1,0,12412,1472075,ES.v.0
2026-02-16 14:15:30.956005248+00:00,2026-02-16 14:15:30.955710689+00:00,0,1,42140878,T,B,0,6861.75,2,0,12571,1472141,ES.v.0
2026-02-16 14:15:30.956221832+00:00,2026-02-16 14:15:30.955953327+00:00,0,1,42140878,T,B,0,6861.75,2,0,12712,1472143,ES.v.0
2026-02-16 14:15:31.083246957+00:00,2026-02-16 14:15:31.082882923+00:00,0,1,42140878,T,B,0,6862.0,6,0,14070,1472199,ES.v.0
2026-02-16 14:15:31.877894242+00:00,2026-02-16 14:15:31.877632537+00:00,0,1,42140878,T,A,0,6862.0,1,0,13230,1472318,ES.v.0
2026-02-16 14:15:33.031088858+00:00,2026-02-16 14:15:33.030835557+00:00,0,1,42140878,T,A,0,6862.0,1,0,15988,1472349,ES.v.0
2026-02-16 14:15:33.031283114+00:00,2026-02-16 14:15:33.031063777+00:00,0,1,42140878,T,A,0,6862.0,1,0,12541,1472352,ES.v.0
2026-02-16 14:15:33.031540477+00:00,2026-02-16 14:15:33.031295569+00:00,0,1,42140878,T,A,0,6862.0,2,0,12563,1472355,ES.v.0
2026-02-16 14:15:33.171940539+00:00,2026-02-16 14:15:33.171680031+00:00,0,1,42140878,T,B,0,6862.0,2,0,13608,1472380,ES.v.0
2026-02-16 14:15:33.172004875+00:00,2026-02-16 14:15:33.171680209+00:00,0,1,42140878,T,B,0,6862.0,1,0,13485,1472381,ES.v.0
2026-02-16 14:15:33.172004875+00:00,2026-02-16 14:15:33.171684025+00:00,0,1,42140878,T,B,0,6862.0,1,0,13485,1472381,ES.v.0
2026-02-16 14:15:33.172090849+00:00,2026-02-16 14:15:33.171874363+00:00,0,1,42140878,T,B,0,6862.0,1,0,12482,1472382,ES.v.0
2026-02-16 14:15:33.172191183+00:00,2026-02-16 14:15:33.171942923+00:00,0,1,42140878,T,B,0,6862.0,1,0,11787,1472385,ES.v.0
2026-02-16 14:15:34.133737115+00:00,2026-02-16 14:15:34.133438289+00:00,0,1,42140878,T,A,0,6861.5,2,0,13466,1472518,ES.v.0
2026-02-16 14:15:34.133801874+00:00,2026-02-16 14:15:34.133439441+00:00,0,1,42140878,T,A,0,6861.5,1,0,13078,1472519,ES.v.0
2026-02-16 14:15:34.133801874+00:00,2026-02-16 14:15:34.133470179+00:00,0,1,42140878,T,A,0,6861.5,4,0,13078,1472519,ES.v.0
2026-02-16 14:15:34.133951127+00:00,2026-02-16 14:15:34.133708171+00:00,0,1,42140878,T,A,0,6861.5,1,0,13003,1472521,ES.v.0
2026-02-16 14:15:34.167942837+00:00,2026-02-16 14:15:34.167695555+00:00,0,1,42140878,T,A,0,6861.5,2,0,12495,1472539,ES.v.0
2026-02-16 14:15:34.266852365+00:00,2026-02-16 14:15:34.266606267+00:00,0,1,42140878,T,A,0,6861.5,2,0,12872,1472562,ES.v.0
2026-02-16 14:15:34.269100586+00:00,2026-02-16 14:15:34.268877087+00:00,0,1,42140878,T,A,0,6861.5,1,0,15418,1472572,ES.v.0
2026-02-16 14:15:34.330448888+00:00,2026-02-16 14:15:34.330191761+00:00,0,1,42140878,T,A,0,6861.5,1,0,12524,1472583,ES.v.0
2026-02-16 14:15:34.330709381+00:00,2026-02-16 14:15:34.330433767+00:00,0,1,42140878,T,A,0,6861.5,1,0,12714,1472585,ES.v.0
2026-02-16 14:15:34.842967493+00:00,2026-02-16 14:15:34.842703797+00:00,0,1,42140878,T,A,0,6861.5,1,0,12370,1472620,ES.v.0
2026-02-16 14:15:34.853612741+00:00,2026-02-16 14:15:34.853382253+00:00,0,1,42140878,T,A,0,6861.5,3,0,12742,1472629,ES.v.0
2026-02-16 14:15:36.266820511+00:00,2026-02-16 14:15:36.266482823+00:00,0,1,42140878,T,A,0,6861.25,5,0,14216,1472738,ES.v.0
2026-02-16 14:15:36.791173288+00:00,2026-02-16 14:15:36.790942893+00:00,0,1,42140878,T,A,0,6861.25,1,0,12708,1472762,ES.v.0
2026-02-16 14:15:36.791403906+00:00,2026-02-16 14:15:36.791183189+00:00,0,1,42140878,T,A,0,6861.25,1,0,12413,1472764,ES.v.0
2026-02-16 14:15:37.006391305+00:00,2026-02-16 14:15:37.006119379+00:00,0,1,42140878,T,A,0,6861.25,3,0,12726,1472779,ES.v.0
2026-02-16 14:15:37.111513137+00:00,2026-02-16 14:15:37.111215657+00:00,0,1,42140878,T,B,0,6861.25,4,0,13277,1472824,ES.v.0
2026-02-16 14:15:37.111693915+00:00,2026-02-16 14:15:37.111448427+00:00,0,1,42140878,T,B,0,6861.25,1,0,12805,1472826,ES.v.0
2026-02-16 14:15:37.111947655+00:00,2026-02-16 14:15:37.111739583+00:00,0,1,42140878,T,A,0,6861.25,1,0,13464,1472832,ES.v.0
2026-02-16 14:15:38.145364373+00:00,2026-02-16 14:15:38.145098719+00:00,0,1,42140878,T,B,0,6861.5,1,0,13539,1472884,ES.v.0
2026-02-16 14:15:38.145595664+00:00,2026-02-16 14:15:38.145377685+00:00,0,1,42140878,T,B,0,6861.5,1,0,12586,1472887,ES.v.0
2026-02-16 14:15:38.298133072+00:00,2026-02-16 14:15:38.297922971+00:00,0,1,42140878,T,B,0,6861.5,1,0,13758,1472891,ES.v.0
2026-02-16 14:15:38.298560040+00:00,2026-02-16 14:15:38.298338823+00:00,0,1,42140878,T,B,0,6861.5,2,0,12477,1472893,ES.v.0
2026-02-16 14:15:38.687363749+00:00,2026-02-16 14:15:38.687093001+00:00,0,1,42140878,T,B,0,6861.75,3,0,12427,1472972,ES.v.0
2026-02-16 14:15:39.434392909+00:00,2026-02-16 14:15:39.434143835+00:00,0,1,42140878,T,A,0,6861.5,1,0,13267,1473023,ES.v.0
2026-02-16 14:15:40.106414681+00:00,2026-02-16 14:15:40.106169277+00:00,0,1,42140878,T,A,0,6861.25,1,0,12398,1473106,ES.v.0
2026-02-16 14:15:40.363583770+00:00,2026-02-16 14:15:40.363329557+00:00,0,1,42140878,T,A,0,6861.25,1,0,12953,1473122,ES.v.0
2026-02-16 14:15:40.902447173+00:00,2026-02-16 14:15:40.902242449+00:00,0,1,42140878,T,B,0,6861.5,1,0,12974,1473165,ES.v.0
2026-02-16 14:15:41.648326739+00:00,2026-02-16 14:15:41.647913513+00:00,0,1,42140878,T,B,0,6862.0,3,0,13912,1473271,ES.v.0
2026-02-16 14:15:41.648341579+00:00,2026-02-16 14:15:41.647913513+00:00,0,1,42140878,T,B,0,6862.25,1,0,13158,1473272,ES.v.0
2026-02-16 14:15:41.648341579+00:00,2026-02-16 14:15:41.647913513+00:00,0,1,42140878,T,B,0,6862.25,1,0,13158,1473272,ES.v.0
2026-02-16 14:15:41.684661919+00:00,2026-02-16 14:15:41.684406463+00:00,0,1,42140878,T,A,0,6862.25,1,0,12723,1473343,ES.v.0
2026-02-16 14:15:43.952353956+00:00,2026-02-16 14:15:43.952075987+00:00,0,1,42140878,T,B,0,6862.25,1,0,13921,1473525,ES.v.0
2026-02-16 14:15:44.224979755+00:00,2026-02-16 14:15:44.224650999+00:00,0,1,42140878,T,B,0,6862.25,4,0,12882,1473530,ES.v.0
2026-02-16 14:15:44.225197836+00:00,2026-02-16 14:15:44.224966289+00:00,0,1,42140878,T,B,0,6862.25,1,0,13367,1473534,ES.v.0
2026-02-16 14:15:44.779100845+00:00,2026-02-16 14:15:44.778758199+00:00,0,1,42140878,T,A,0,6862.25,4,0,14630,1473606,ES.v.0
2026-02-16 14:15:44.892239438+00:00,2026-02-16 14:15:44.891952317+00:00,0,1,42140878,T,B,0,6862.5,1,0,12524,1473624,ES.v.0
2026-02-16 14:15:45.072700103+00:00,2026-02-16 14:15:45.072452207+00:00,0,1,42140878,T,A,0,6862.25,1,0,12953,1473646,ES.v.0
2026-02-16 14:15:45.427418920+00:00,2026-02-16 14:15:45.427163361+00:00,0,1,42140878,T,A,0,6862.25,1,0,13169,1473666,ES.v.0
2026-02-16 14:15:45.497349922+00:00,2026-02-16 14:15:45.497087937+00:00,0,1,42140878,T,B,0,6862.5,1,0,12847,1473675,ES.v.0
2026-02-16 14:15:46.845244982+00:00,2026-02-16 14:15:46.844988023+00:00,0,1,42140878,T,A,0,6862.25,2,0,12619,1473741,ES.v.0
2026-02-16 14:15:46.856085754+00:00,2026-02-16 14:15:46.855868013+00:00,0,1,42140878,T,B,0,6862.25,1,0,12354,1473756,ES.v.0
2026-02-16 14:15:46.856208992+00:00,2026-02-16 14:15:46.855983015+00:00,0,1,42140878,T,B,0,6862.25,1,0,12667,1473758,ES.v.0
2026-02-16 14:15:49.319714397+00:00,2026-02-16 14:15:49.319430143+00:00,0,1,42140878,T,A,0,6862.25,1,0,13749,1473856,ES.v.0
2026-02-16 14:15:50.127306621+00:00,2026-02-16 14:15:50.127049575+00:00,0,1,42140878,T,B,0,6862.25,1,0,13269,1473875,ES.v.0
2026-02-16 14:15:50.127508863+00:00,2026-02-16 14:15:50.127280657+00:00,0,1,42140878,T,B,0,6862.25,1,0,12402,1473877,ES.v.0
2026-02-16 14:15:51.981151462+00:00,2026-02-16 14:15:51.980866773+00:00,0,1,42140878,T,B,0,6862.5,1,0,12499,1473957,ES.v.0
2026-02-16 14:15:51.981204547+00:00,2026-02-16 14:15:51.980870479+00:00,0,1,42140878,T,B,0,6862.5,6,0,12604,1473958,ES.v.0
2026-02-16 14:15:52.011671187+00:00,2026-02-16 14:15:52.011375135+00:00,0,1,42140878,T,A,0,6862.5,3,0,12978,1473994,ES.v.0
2026-02-16 14:15:52.011752610+00:00,2026-02-16 14:15:52.011383813+00:00,0,1,42140878,T,A,0,6862.5,2,0,13377,1473995,ES.v.0
2026-02-16 14:15:52.011752610+00:00,2026-02-16 14:15:52.011384005+00:00,0,1,42140878,T,A,0,6862.5,3,0,13377,1473995,ES.v.0
2026-02-16 14:15:52.017497161+00:00,2026-02-16 14:15:52.017268835+00:00,0,1,42140878,T,B,0,6862.5,1,0,12646,1474014,ES.v.0
2026-02-16 14:15:53.309557296+00:00,2026-02-16 14:15:53.309291145+00:00,0,1,42140878,T,B,0,6862.75,1,0,13144,1474142,ES.v.0
2026-02-16 14:15:53.356876762+00:00,2026-02-16 14:15:53.356641063+00:00,0,1,42140878,T,A,0,6862.5,3,0,12917,1474163,ES.v.0
2026-02-16 14:15:53.357121895+00:00,2026-02-16 14:15:53.356833861+00:00,0,1,42140878,T,A,0,6862.5,3,0,12915,1474165,ES.v.0
2026-02-16 14:15:53.904597335+00:00,2026-02-16 14:15:53.904337841+00:00,0,1,42140878,T,A,0,6862.5,2,0,12622,1474193,ES.v.0
2026-02-16 14:15:53.956478461+00:00,2026-02-16 14:15:53.956253607+00:00,0,1,42140878,T,A,0,6862.5,1,0,12452,1474201,ES.v.0
2026-02-16 14:15:53.956706546+00:00,2026-02-16 14:15:53.956481923+00:00,0,1,42140878,T,A,0,6862.5,2,0,12805,1474203,ES.v.0
2026-02-16 14:15:54.244951635+00:00,2026-02-16 14:15:54.244676987+00:00,0,1,42140878,T,B,0,6862.5,1,0,13615,1474232,ES.v.0
2026-02-16 14:15:54.441002197+00:00,2026-02-16 14:15:54.440751963+00:00,0,1,42140878,T,B,0,6862.5,1,0,12414,1474238,ES.v.0
2026-02-16 14:15:54.443150218+00:00,2026-02-16 14:15:54.442886755+00:00,0,1,42140878,T,B,0,6862.5,1,0,12698,1474240,ES.v.0
2026-02-16 14:15:54.445313351+00:00,2026-02-16 14:15:54.445082217+00:00,0,1,42140878,T,B,0,6862.5,1,0,12773,1474255,ES.v.0
2026-02-16 14:15:54.447488154+00:00,2026-02-16 14:15:54.447257809+00:00,0,1,42140878,T,B,0,6862.5,1,0,12649,1474257,ES.v.0
2026-02-16 14:15:54.729483989+00:00,2026-02-16 14:15:54.729236721+00:00,0,1,42140878,T,A,0,6862.25,1,0,12467,1474282,ES.v.0
2026-02-16 14:15:54.729581309+00:00,2026-02-16 14:15:54.729240025+00:00,0,1,42140878,T,A,0,6862.25,3,0,12559,1474284,ES.v.0
2026-02-16 14:15:55.574352634+00:00,2026-02-16 14:15:55.574068585+00:00,0,1,42140878,T,A,0,6862.0,1,0,12548,1474357,ES.v.0
2026-02-16 14:15:55.653506218+00:00,2026-02-16 14:15:55.653250591+00:00,0,1,42140878,T,B,0,6862.0,1,0,12626,1474394,ES.v.0
2026-02-16 14:15:56.628138003+00:00,2026-02-16 14:15:56.627882629+00:00,0,1,42140878,T,B,0,6862.25,1,0,12798,1474448,ES.v.0
2026-02-16 14:15:56.729465747+00:00,2026-02-16 14:15:56.729209037+00:00,0,1,42140878,T,A,0,6862.25,1,0,12997,1474472,ES.v.0
2026-02-16 14:15:56.997862002+00:00,2026-02-16 14:15:56.997608481+00:00,0,1,42140878,T,A,0,6862.25,2,0,12724,1474484,ES.v.0
2026-02-16 14:15:59.464977074+00:00,2026-02-16 14:15:59.464668625+00:00,0,1,42140878,T,A,0,6862.0,4,0,13180,1474565,ES.v.0
2026-02-16 14:15:59.556397456+00:00,2026-02-16 14:15:59.556150359+00:00,0,1,42140878,T,B,0,6862.0,1,0,12676,1474622,ES.v.0
2026-02-16 14:16:01.101545994+00:00,2026-02-16 14:16:01.101249961+00:00,0,1,42140878,T,A,0,6861.75,1,0,12323,1474762,ES.v.0
2026-02-16 14:16:01.170230890+00:00,2026-02-16 14:16:01.170001525+00:00,0,1,42140878,T,A,0,6861.75,1,0,14861,1474768,ES.v.0
2026-02-16 14:16:01.170421266+00:00,2026-02-16 14:16:01.170191981+00:00,0,1,42140878,T,A,0,6861.75,1,0,12412,1474770,ES.v.0
2026-02-16 14:16:01.845148941+00:00,2026-02-16 14:16:01.844815967+00:00,0,1,42140878,T,B,0,6862.0,7,0,12694,1474831,ES.v.0
2026-02-16 14:16:02.753881942+00:00,2026-02-16 14:16:02.753562071+00:00,0,1,42140878,T,B,0,6862.25,2,0,12897,1474941,ES.v.0
2026-02-16 14:16:02.753922087+00:00,2026-02-16 14:16:02.753563375+00:00,0,1,42140878,T,B,0,6862.25,4,0,12643,1474942,ES.v.0
2026-02-16 14:16:02.833055152+00:00,2026-02-16 14:16:02.832810641+00:00,0,1,42140878,T,B,0,6862.5,2,0,12776,1474995,ES.v.0
2026-02-16 14:16:03.269786351+00:00,2026-02-16 14:16:03.269408037+00:00,0,1,42140878,T,B,0,6862.75,2,0,12963,1475083,ES.v.0
2026-02-16 14:16:03.511262791+00:00,2026-02-16 14:16:03.511018821+00:00,0,1,42140878,T,B,0,6862.75,1,0,12759,1475125,ES.v.0
2026-02-16 14:16:03.819823448+00:00,2026-02-16 14:16:03.819503647+00:00,0,1,42140878,T,B,0,6863.0,1,0,13738,1475173,ES.v.0
2026-02-16 14:16:03.819833739+00:00,2026-02-16 14:16:03.819503647+00:00,0,1,42140878,T,B,0,6863.0,1,0,11548,1475174,ES.v.0
2026-02-16 14:16:04.897915021+00:00,2026-02-16 14:16:04.897548027+00:00,0,1,42140878,T,B,0,6863.25,2,0,12847,1475301,ES.v.0
2026-02-16 14:16:04.897927616+00:00,2026-02-16 14:16:04.897548027+00:00,0,1,42140878,T,B,0,6863.25,1,0,12366,1475302,ES.v.0
2026-02-16 14:16:04.897927616+00:00,2026-02-16 14:16:04.897548027+00:00,0,1,42140878,T,B,0,6863.25,1,0,12366,1475302,ES.v.0
2026-02-16 14:16:04.899223355+00:00,2026-02-16 14:16:04.898937451+00:00,0,1,42140878,T,B,0,6863.25,2,0,12612,1475309,ES.v.0
2026-02-16 14:16:05.166252371+00:00,2026-02-16 14:16:05.165894769+00:00,0,1,42140878,T,B,0,6863.5,1,0,12683,1475384,ES.v.0
2026-02-16 14:16:05.166265234+00:00,2026-02-16 14:16:05.165894769+00:00,0,1,42140878,T,B,0,6863.5,2,0,12227,1475385,ES.v.0
2026-02-16 14:16:05.166265234+00:00,2026-02-16 14:16:05.165894769+00:00,0,1,42140878,T,B,0,6863.5,1,0,12227,1475385,ES.v.0
2026-02-16 14:16:05.199221119+00:00,2026-02-16 14:16:05.198991157+00:00,0,1,42140878,T,B,0,6863.5,1,0,12485,1475428,ES.v.0
2026-02-16 14:16:05.614685988+00:00,2026-02-16 14:16:05.614414227+00:00,0,1,42140878,T,B,0,6863.5,2,0,13026,1475476,ES.v.0
2026-02-16 14:16:06.440968298+00:00,2026-02-16 14:16:06.440696431+00:00,0,1,42140878,T,B,0,6863.75,1,0,12621,1475600,ES.v.0
2026-02-16 14:16:06.441073143+00:00,2026-02-16 14:16:06.440702037+00:00,0,1,42140878,T,B,0,6863.75,6,0,14061,1475601,ES.v.0
2026-02-16 14:16:06.441111599+00:00,2026-02-16 14:16:06.440705647+00:00,0,1,42140878,T,B,0,6863.75,5,0,12113,1475602,ES.v.0
2026-02-16 14:16:06.458038587+00:00,2026-02-16 14:16:06.457767863+00:00,0,1,42140878,T,A,0,6863.75,3,0,12945,1475633,ES.v.0
2026-02-16 14:16:07.210129215+00:00,2026-02-16 14:16:07.209832311+00:00,0,1,42140878,T,B,0,6863.75,1,0,12609,1475688,ES.v.0
2026-02-16 14:16:07.210342054+00:00,2026-02-16 14:16:07.210103939+00:00,0,1,42140878,T,B,0,6863.75,1,0,12493,1475691,ES.v.0
2026-02-16 14:16:07.254115368+00:00,2026-02-16 14:16:07.253823993+00:00,0,1,42140878,T,B,0,6864.0,1,0,12592,1475702,ES.v.0
2026-02-16 14:16:07.254126927+00:00,2026-02-16 14:16:07.253823993+00:00,0,1,42140878,T,B,0,6864.0,1,0,11763,1475703,ES.v.0
2026-02-16 14:16:07.254126927+00:00,2026-02-16 14:16:07.253823993+00:00,0,1,42140878,T,B,0,6864.0,1,0,11763,1475703,ES.v.0
2026-02-16 14:16:07.372815080+00:00,2026-02-16 14:16:07.372577553+00:00,0,1,42140878,T,B,0,6864.0,1,0,14843,1475717,ES.v.0
2026-02-16 14:16:07.373333434+00:00,2026-02-16 14:16:07.373058263+00:00,0,1,42140878,T,A,0,6863.75,1,0,12600,1475721,ES.v.0
2026-02-16 14:16:07.898406611+00:00,2026-02-16 14:16:07.898076769+00:00,0,1,42140878,T,A,0,6863.75,2,0,11915,1475804,ES.v.0
2026-02-16 14:16:08.570521938+00:00,2026-02-16 14:16:08.570280615+00:00,0,1,42140878,T,A,0,6863.75,1,0,12770,1475859,ES.v.0
2026-02-16 14:16:09.199056041+00:00,2026-02-16 14:16:09.198772161+00:00,0,1,42140878,T,A,0,6863.75,1,0,12559,1475900,ES.v.0
2026-02-16 14:16:09.829926097+00:00,2026-02-16 14:16:09.829664775+00:00,0,1,42140878,T,B,0,6863.75,1,0,12573,1475972,ES.v.0
2026-02-16 14:16:09.926897965+00:00,2026-02-16 14:16:09.926653575+00:00,0,1,42140878,T,B,0,6863.75,1,0,12835,1475991,ES.v.0
2026-02-16 14:16:09.961770179+00:00,2026-02-16 14:16:09.961521375+00:00,0,1,42140878,T,A,0,6863.5,1,0,12960,1475999,ES.v.0
2026-02-16 14:16:09.962271675+00:00,2026-02-16 14:16:09.962070393+00:00,0,1,42140878,T,B,0,6863.75,1,0,12458,1476006,ES.v.0
2026-02-16 14:16:10.767906453+00:00,2026-02-16 14:16:10.767659699+00:00,0,1,42140878,T,B,0,6864.0,1,0,12679,1476091,ES.v.0
2026-02-16 14:16:10.767951147+00:00,2026-02-16 14:16:10.767672371+00:00,0,1,42140878,T,B,0,6864.0,4,0,12211,1476092,ES.v.0
2026-02-16 14:16:10.768112477+00:00,2026-02-16 14:16:10.767884329+00:00,0,1,42140878,T,B,0,6864.0,2,0,12300,1476093,ES.v.0
2026-02-16 14:16:10.768200946+00:00,2026-02-16 14:16:10.767909941+00:00,0,1,42140878,T,B,0,6864.0,2,0,11066,1476095,ES.v.0
2026-02-16 14:16:10.768395297+00:00,2026-02-16 14:16:10.768132651+00:00,0,1,42140878,T,B,0,6864.0,8,0,12647,1476098,ES.v.0
2026-02-16 14:16:11.021048179+00:00,2026-02-16 14:16:11.020785831+00:00,0,1,42140878,T,B,0,6864.0,1,0,12660,1476145,ES.v.0
2026-02-16 14:16:11.119967272+00:00,2026-02-16 14:16:11.119707063+00:00,0,1,42140878,T,B,0,6864.0,1,0,13852,1476158,ES.v.0
2026-02-16 14:16:11.120168400+00:00,2026-02-16 14:16:11.119971609+00:00,0,1,42140878,T,B,0,6864.0,2,0,12475,1476160,ES.v.0
2026-02-16 14:16:11.440488973+00:00,2026-02-16 14:16:11.440219315+00:00,0,1,42140878,T,B,0,6864.0,2,0,15242,1476175,ES.v.0
2026-02-16 14:16:11.440707854+00:00,2026-02-16 14:16:11.440470999+00:00,0,1,42140878,T,B,0,6864.0,4,0,13339,1476178,ES.v.0
2026-02-16 14:16:11.440756683+00:00,2026-02-16 14:16:11.440473129+00:00,0,1,42140878,T,B,0,6864.0,4,0,12116,1476180,ES.v.0
2026-02-16 14:16:11.440821787+00:00,2026-02-16 14:16:11.440479965+00:00,0,1,42140878,T,B,0,6864.0,4,0,13881,1476181,ES.v.0
2026-02-16 14:16:11.716759266+00:00,2026-02-16 14:16:11.716508827+00:00,0,1,42140878,T,A,0,6863.75,1,0,12510,1476218,ES.v.0
2026-02-16 14:16:11.975222747+00:00,2026-02-16 14:16:11.974986205+00:00,0,1,42140878,T,B,0,6864.0,1,0,12716,1476238,ES.v.0
2026-02-16 14:16:12.008938778+00:00,2026-02-16 14:16:12.008730585+00:00,0,1,42140878,T,B,0,6864.0,1,0,13013,1476242,ES.v.0
2026-02-16 14:16:12.453554909+00:00,2026-02-16 14:16:12.453325445+00:00,0,1,42140878,T,B,0,6864.0,1,0,23739,1476263,ES.v.0
2026-02-16 14:16:12.453810427+00:00,2026-02-16 14:16:12.453565685+00:00,0,1,42140878,T,A,0,6863.75,2,0,12657,1476265,ES.v.0
2026-02-16 14:16:12.540541765+00:00,2026-02-16 14:16:12.540299045+00:00,0,1,42140878,T,B,0,6864.0,1,0,12618,1476283,ES.v.0
2026-02-16 14:16:12.554827355+00:00,2026-02-16 14:16:12.554595697+00:00,0,1,42140878,T,B,0,6864.0,1,0,12405,1476299,ES.v.0
2026-02-16 14:16:12.634749096+00:00,2026-02-16 14:16:12.634508691+00:00,0,1,42140878,T,B,0,6864.0,1,0,13002,1476314,ES.v.0
2026-02-16 14:16:12.969796962+00:00,2026-02-16 14:16:12.969444481+00:00,0,1,42140878,T,A,0,6863.75,8,0,12775,1476332,ES.v.0
2026-02-16 14:16:13.007309672+00:00,2026-02-16 14:16:13.007079801+00:00,0,1,42140878,T,B,0,6863.75,1,0,12564,1476353,ES.v.0
2026-02-16 14:16:13.007515121+00:00,2026-02-16 14:16:13.007295293+00:00,0,1,42140878,T,B,0,6863.75,1,0,12509,1476355,ES.v.0
2026-02-16 14:16:13.364971924+00:00,2026-02-16 14:16:13.364578767+00:00,0,1,42140878,T,B,0,6864.0,20,0,13295,1476382,ES.v.0
2026-02-16 14:16:13.365505906+00:00,2026-02-16 14:16:13.365022401+00:00,0,1,42140878,T,A,0,6863.75,2,0,12879,1476404,ES.v.0
2026-02-16 14:16:13.365550736+00:00,2026-02-16 14:16:13.365063219+00:00,0,1,42140878,T,A,0,6863.75,1,0,12871,1476405,ES.v.0
2026-02-16 14:16:13.365617299+00:00,2026-02-16 14:16:13.365065851+00:00,0,1,42140878,T,A,0,6863.75,2,0,14536,1476406,ES.v.0
2026-02-16 14:16:13.365705173+00:00,2026-02-16 14:16:13.365093803+00:00,0,1,42140878,T,A,0,6863.75,1,0,12121,1476407,ES.v.0
2026-02-16 14:16:13.365705173+00:00,2026-02-16 14:16:13.365102921+00:00,0,1,42140878,T,A,0,6863.75,1,0,12121,1476407,ES.v.0
2026-02-16 14:16:13.365764191+00:00,2026-02-16 14:16:13.365111909+00:00,0,1,42140878,T,A,0,6863.75,1,0,12273,1476409,ES.v.0
2026-02-16 14:16:13.365822920+00:00,2026-02-16 14:16:13.365136061+00:00,0,1,42140878,T,A,0,6863.75,1,0,13269,1476410,ES.v.0
2026-02-16 14:16:13.365879269+00:00,2026-02-16 14:16:13.365170293+00:00,0,1,42140878,T,A,0,6863.75,2,0,11633,1476411,ES.v.0
2026-02-16 14:16:13.365934043+00:00,2026-02-16 14:16:13.365176685+00:00,0,1,42140878,T,A,0,6863.75,1,0,13175,1476412,ES.v.0
2026-02-16 14:16:13.366033955+00:00,2026-02-16 14:16:13.365225855+00:00,0,1,42140878,T,A,0,6863.75,1,0,14110,1476413,ES.v.0
2026-02-16 14:16:13.366033955+00:00,2026-02-16 14:16:13.365237123+00:00,0,1,42140878,T,A,0,6863.75,1,0,14110,1476413,ES.v.0
2026-02-16 14:16:13.366088096+00:00,2026-02-16 14:16:13.365290497+00:00,0,1,42140878,T,A,0,6863.75,2,0,12438,1476414,ES.v.0
2026-02-16 14:16:13.368370301+00:00,2026-02-16 14:16:13.368154089+00:00,0,1,42140878,T,B,0,6863.75,2,0,12728,1476430,ES.v.0
2026-02-16 14:16:13.388389056+00:00,2026-02-16 14:16:13.387959115+00:00,0,1,42140878,T,B,0,6863.75,1,0,13020,1476449,ES.v.0
2026-02-16 14:16:13.388389056+00:00,2026-02-16 14:16:13.387959115+00:00,0,1,42140878,T,B,0,6864.0,20,0,13020,1476449,ES.v.0
2026-02-16 14:16:13.475918994+00:00,2026-02-16 14:16:13.475660611+00:00,0,1,42140878,T,B,0,6864.0,2,0,12774,1476490,ES.v.0
2026-02-16 14:16:13.517144155+00:00,2026-02-16 14:16:13.516896099+00:00,0,1,42140878,T,A,0,6863.75,1,0,12756,1476502,ES.v.0
2026-02-16 14:16:13.588852005+00:00,2026-02-16 14:16:13.588624721+00:00,0,1,42140878,T,B,0,6864.0,2,0,13335,1476515,ES.v.0
2026-02-16 14:16:13.622621331+00:00,2026-02-16 14:16:13.622365569+00:00,0,1,42140878,T,B,0,6863.75,1,0,13035,1476542,ES.v.0
2026-02-16 14:16:14.819283130+00:00,2026-02-16 14:16:14.819025657+00:00,0,1,42140878,T,B,0,6863.75,2,0,12920,1476601,ES.v.0
2026-02-16 14:16:15.004953213+00:00,2026-02-16 14:16:15.004698701+00:00,0,1,42140878,T,B,0,6864.0,1,0,12765,1476625,ES.v.0
2026-02-16 14:16:15.005292344+00:00,2026-02-16 14:16:15.005076369+00:00,0,1,42140878,T,A,0,6863.75,1,0,13101,1476632,ES.v.0
2026-02-16 14:16:15.041221562+00:00,2026-02-16 14:16:15.040973741+00:00,0,1,42140878,T,B,0,6864.0,1,0,12795,1476638,ES.v.0
2026-02-16 14:16:15.415330856+00:00,2026-02-16 14:16:15.415111157+00:00,0,1,42140878,T,B,0,6863.75,1,0,13010,1476677,ES.v.0
2026-02-16 14:16:15.709154971+00:00,2026-02-16 14:16:15.708932877+00:00,0,1,42140878,T,B,0,6863.75,3,0,12562,1476689,ES.v.0
2026-02-16 14:16:15.709362647+00:00,2026-02-16 14:16:15.709158589+00:00,0,1,42140878,T,B,0,6863.75,1,0,12809,1476692,ES.v.0
2026-02-16 14:16:16.526964104+00:00,2026-02-16 14:16:16.526651557+00:00,0,1,42140878,T,A,0,6863.5,4,0,13431,1476735,ES.v.0
2026-02-16 14:16:16.527226611+00:00,2026-02-16 14:16:16.526857811+00:00,0,1,42140878,T,A,0,6863.5,8,0,12602,1476737,ES.v.0
2026-02-16 14:16:16.527288682+00:00,2026-02-16 14:16:16.526967575+00:00,0,1,42140878,T,A,0,6863.5,2,0,11564,1476739,ES.v.0
2026-02-16 14:16:16.527550459+00:00,2026-02-16 14:16:16.527246787+00:00,0,1,42140878,T,B,0,6863.5,1,0,12425,1476749,ES.v.0
2026-02-16 14:16:16.527663600+00:00,2026-02-16 14:16:16.527356953+00:00,0,1,42140878,T,A,0,6863.5,1,0,13707,1476752,ES.v.0
2026-02-16 14:16:16.527983915+00:00,2026-02-16 14:16:16.527743625+00:00,0,1,42140878,T,B,0,6863.5,1,0,12640,1476758,ES.v.0
2026-02-16 14:16:16.528221407+00:00,2026-02-16 14:16:16.527990409+00:00,0,1,42140878,T,B,0,6863.5,1,0,12652,1476761,ES.v.0
2026-02-16 14:16:16.528555067+00:00,2026-02-16 14:16:16.528329793+00:00,0,1,42140878,T,A,0,6863.5,1,0,12679,1476765,ES.v.0
2026-02-16 14:16:16.529891816+00:00,2026-02-16 14:16:16.529655571+00:00,0,1,42140878,T,B,0,6863.5,2,0,12574,1476779,ES.v.0
2026-02-16 14:16:18.779736245+00:00,2026-02-16 14:16:18.779444707+00:00,0,1,42140878,T,B,0,6863.5,1,0,12814,1476952,ES.v.0
2026-02-16 14:16:19.378188378+00:00,2026-02-16 14:16:19.377913001+00:00,0,1,42140878,T,B,0,6863.75,1,0,12994,1477010,ES.v.0
2026-02-16 14:16:19.378257993+00:00,2026-02-16 14:16:19.377913179+00:00,0,1,42140878,T,B,0,6863.75,5,0,12295,1477011,ES.v.0
2026-02-16 14:16:19.378297466+00:00,2026-02-16 14:16:19.377913357+00:00,0,1,42140878,T,B,0,6863.75,3,0,13355,1477012,ES.v.0
2026-02-16 14:16:20.020333691+00:00,2026-02-16 14:16:20.020071187+00:00,0,1,42140878,T,B,0,6864.0,1,0,14003,1477079,ES.v.0
2026-02-16 14:16:20.675980899+00:00,2026-02-16 14:16:20.675715053+00:00,0,1,42140878,T,A,0,6863.75,1,0,12720,1477140,ES.v.0
2026-02-16 14:16:20.715833221+00:00,2026-02-16 14:16:20.715420577+00:00,0,1,42140878,T,B,0,6863.75,1,0,12921,1477153,ES.v.0
2026-02-16 14:16:20.715833221+00:00,2026-02-16 14:16:20.715420577+00:00,0,1,42140878,T,B,0,6864.0,20,0,12921,1477153,ES.v.0
2026-02-16 14:16:22.406085655+00:00,2026-02-16 14:16:22.405808235+00:00,0,1,42140878,T,B,0,6863.75,1,0,12813,1477363,ES.v.0
2026-02-16 14:16:23.819128004+00:00,2026-02-16 14:16:23.818799697+00:00,0,1,42140878,T,B,0,6864.0,21,0,12759,1477457,ES.v.0
2026-02-16 14:16:23.819339173+00:00,2026-02-16 14:16:23.819123051+00:00,0,1,42140878,T,B,0,6864.0,1,0,12709,1477460,ES.v.0
2026-02-16 14:16:23.819412975+00:00,2026-02-16 14:16:23.819123455+00:00,0,1,42140878,T,B,0,6864.0,1,0,11793,1477461,ES.v.0
2026-02-16 14:16:23.819458535+00:00,2026-02-16 14:16:23.819131537+00:00,0,1,42140878,T,B,0,6864.0,1,0,14422,1477462,ES.v.0
2026-02-16 14:16:23.819458535+00:00,2026-02-16 14:16:23.819131715+00:00,0,1,42140878,T,B,0,6864.0,1,0,14422,1477462,ES.v.0
2026-02-16 14:16:23.819510717+00:00,2026-02-16 14:16:23.819146397+00:00,0,1,42140878,T,B,0,6864.0,2,0,12253,1477463,ES.v.0
2026-02-16 14:16:23.819673525+00:00,2026-02-16 14:16:23.819423307+00:00,0,1,42140878,T,B,0,6864.0,1,0,12572,1477465,ES.v.0
2026-02-16 14:16:23.819720523+00:00,2026-02-16 14:16:23.819435057+00:00,0,1,42140878,T,B,0,6864.0,1,0,12591,1477466,ES.v.0
2026-02-16 14:16:23.819784533+00:00,2026-02-16 14:16:23.819543627+00:00,0,1,42140878,T,B,0,6864.0,1,0,12385,1477468,ES.v.0
2026-02-16 14:16:23.820180723+00:00,2026-02-16 14:16:23.819894971+00:00,0,1,42140878,T,A,0,6863.75,4,0,13439,1477473,ES.v.0
2026-02-16 14:16:23.820295840+00:00,2026-02-16 14:16:23.820084045+00:00,0,1,42140878,T,A,0,6863.75,1,0,12714,1477475,ES.v.0
2026-02-16 14:16:24.631647069+00:00,2026-02-16 14:16:24.631371291+00:00,0,1,42140878,T,B,0,6864.0,2,0,14751,1477525,ES.v.0
2026-02-16 14:16:25.777259755+00:00,2026-02-16 14:16:25.776996985+00:00,0,1,42140878,T,A,0,6863.75,1,0,15904,1477560,ES.v.0
2026-02-16 14:16:25.794214335+00:00,2026-02-16 14:16:25.793960571+00:00,0,1,42140878,T,A,0,6863.75,1,0,12780,1477569,ES.v.0
2026-02-16 14:16:25.794429306+00:00,2026-02-16 14:16:25.794217859+00:00,0,1,42140878,T,A,0,6863.75,1,0,12814,1477572,ES.v.0
2026-02-16 14:16:25.794474499+00:00,2026-02-16 14:16:25.794244967+00:00,0,1,42140878,T,A,0,6863.75,1,0,12900,1477573,ES.v.0
2026-02-16 14:16:25.921981231+00:00,2026-02-16 14:16:25.921718035+00:00,0,1,42140878,T,B,0,6863.75,1,0,12804,1477625,ES.v.0
2026-02-16 14:16:26.600686303+00:00,2026-02-16 14:16:26.600460065+00:00,0,1,42140878,T,B,0,6864.0,1,0,12390,1477661,ES.v.0
2026-02-16 14:16:26.918315917+00:00,2026-02-16 14:16:26.918090271+00:00,0,1,42140878,T,A,0,6863.75,1,0,12394,1477673,ES.v.0
2026-02-16 14:16:30.151174571+00:00,2026-02-16 14:16:30.150871551+00:00,0,1,42140878,T,B,0,6863.75,1,0,12941,1477808,ES.v.0
2026-02-16 14:16:30.269574213+00:00,2026-02-16 14:16:30.269351369+00:00,0,1,42140878,T,B,0,6864.0,1,0,12896,1477847,ES.v.0
2026-02-16 14:16:30.269795941+00:00,2026-02-16 14:16:30.269544245+00:00,0,1,42140878,T,B,0,6864.0,2,0,12496,1477849,ES.v.0
2026-02-16 14:16:31.855862680+00:00,2026-02-16 14:16:31.855626075+00:00,0,1,42140878,T,B,0,6864.0,1,0,13218,1477878,ES.v.0
2026-02-16 14:16:31.855923983+00:00,2026-02-16 14:16:31.855635003+00:00,0,1,42140878,T,B,0,6864.0,4,0,11855,1477879,ES.v.0
2026-02-16 14:16:31.855993330+00:00,2026-02-16 14:16:31.855638805+00:00,0,1,42140878,T,B,0,6864.0,3,0,13055,1477880,ES.v.0
2026-02-16 14:16:31.856027968+00:00,2026-02-16 14:16:31.855645851+00:00,0,1,42140878,T,B,0,6864.0,2,0,12866,1477881,ES.v.0
2026-02-16 14:16:31.856067034+00:00,2026-02-16 14:16:31.855869347+00:00,0,1,42140878,T,B,0,6864.0,1,0,11765,1477882,ES.v.0
2026-02-16 14:16:31.856326433+00:00,2026-02-16 14:16:31.856015549+00:00,0,1,42140878,T,B,0,6864.0,1,0,12641,1477894,ES.v.0
2026-02-16 14:16:33.509921893+00:00,2026-02-16 14:16:33.509652435+00:00,0,1,42140878,T,A,0,6863.75,1,0,12510,1477940,ES.v.0
2026-02-16 14:16:33.556386879+00:00,2026-02-16 14:16:33.556146839+00:00,0,1,42140878,T,B,0,6863.75,1,0,12644,1477954,ES.v.0
2026-02-16 14:16:35.977731376+00:00,2026-02-16 14:16:35.977471057+00:00,0,1,42140878,T,B,0,6864.0,1,0,12664,1478112,ES.v.0
2026-02-16 14:16:35.977904711+00:00,2026-02-16 14:16:35.977703597+00:00,0,1,42140878,T,B,0,6864.0,1,0,13600,1478114,ES.v.0
2026-02-16 14:16:35.978052594+00:00,2026-02-16 14:16:35.977734873+00:00,0,1,42140878,T,B,0,6864.0,9,0,12687,1478116,ES.v.0
2026-02-16 14:16:35.978115816+00:00,2026-02-16 14:16:35.977740459+00:00,0,1,42140878,T,B,0,6864.0,6,0,13074,1478117,ES.v.0
2026-02-16 14:16:35.978115816+00:00,2026-02-16 14:16:35.977742245+00:00,0,1,42140878,T,B,0,6864.0,1,0,13074,1478117,ES.v.0
2026-02-16 14:16:35.978157306+00:00,2026-02-16 14:16:35.977748389+00:00,0,1,42140878,T,B,0,6864.0,2,0,12833,1478118,ES.v.0
2026-02-16 14:16:35.978218243+00:00,2026-02-16 14:16:35.977751749+00:00,0,1,42140878,T,B,0,6864.0,2,0,11268,1478119,ES.v.0
2026-02-16 14:16:35.978275130+00:00,2026-02-16 14:16:35.977759161+00:00,0,1,42140878,T,B,0,6864.0,2,0,13606,1478120,ES.v.0
2026-02-16 14:16:35.978364597+00:00,2026-02-16 14:16:35.978007845+00:00,0,1,42140878,T,B,0,6864.0,1,0,12083,1478121,ES.v.0
2026-02-16 14:16:35.978364597+00:00,2026-02-16 14:16:35.978008023+00:00,0,1,42140878,T,B,0,6864.0,1,0,12083,1478121,ES.v.0
2026-02-16 14:16:35.978444946+00:00,2026-02-16 14:16:35.978043883+00:00,0,1,42140878,T,B,0,6864.0,1,0,15124,1478122,ES.v.0
2026-02-16 14:16:35.978444946+00:00,2026-02-16 14:16:35.978052311+00:00,0,1,42140878,T,B,0,6864.0,1,0,15124,1478122,ES.v.0
2026-02-16 14:16:35.978494767+00:00,2026-02-16 14:16:35.978128033+00:00,0,1,42140878,T,B,0,6864.0,2,0,12396,1478123,ES.v.0
2026-02-16 14:16:35.978565688+00:00,2026-02-16 14:16:35.978248833+00:00,0,1,42140878,T,B,0,6864.0,1,0,14300,1478124,ES.v.0
2026-02-16 14:16:35.978930411+00:00,2026-02-16 14:16:35.978731751+00:00,0,1,42140878,T,B,0,6864.0,1,0,12434,1478133,ES.v.0
2026-02-16 14:16:36.178325015+00:00,2026-02-16 14:16:36.178086055+00:00,0,1,42140878,T,B,0,6864.0,1,0,13286,1478169,ES.v.0
2026-02-16 14:16:36.178576253+00:00,2026-02-16 14:16:36.178328503+00:00,0,1,42140878,T,B,0,6864.0,12,0,12471,1478171,ES.v.0
2026-02-16 14:16:36.178752576+00:00,2026-02-16 14:16:36.178523509+00:00,0,1,42140878,T,B,0,6864.0,1,0,12353,1478173,ES.v.0
2026-02-16 14:16:36.178826876+00:00,2026-02-16 14:16:36.178523687+00:00,0,1,42140878,T,B,0,6864.0,1,0,12302,1478174,ES.v.0
2026-02-16 14:16:36.178826876+00:00,2026-02-16 14:16:36.178523865+00:00,0,1,42140878,T,B,0,6864.0,1,0,12302,1478174,ES.v.0
2026-02-16 14:16:36.178852296+00:00,2026-02-16 14:16:36.178524043+00:00,0,1,42140878,T,B,0,6864.0,10,0,12538,1478175,ES.v.0
2026-02-16 14:16:36.178904786+00:00,2026-02-16 14:16:36.178524219+00:00,0,1,42140878,T,B,0,6864.0,1,0,11366,1478176,ES.v.0
2026-02-16 14:16:36.178971407+00:00,2026-02-16 14:16:36.178524399+00:00,0,1,42140878,T,B,0,6864.0,1,0,13900,1478177,ES.v.0
2026-02-16 14:16:36.179038065+00:00,2026-02-16 14:16:36.178559661+00:00,0,1,42140878,T,B,0,6864.0,1,0,11805,1478178,ES.v.0
2026-02-16 14:16:36.179038065+00:00,2026-02-16 14:16:36.178560257+00:00,0,1,42140878,T,B,0,6864.0,1,0,11805,1478178,ES.v.0
2026-02-16 14:16:36.179128492+00:00,2026-02-16 14:16:36.178564979+00:00,0,1,42140878,T,B,0,6864.0,1,0,13677,1478179,ES.v.0
2026-02-16 14:16:36.179128492+00:00,2026-02-16 14:16:36.178567243+00:00,0,1,42140878,T,B,0,6864.0,1,0,13677,1478179,ES.v.0
2026-02-16 14:16:36.179156062+00:00,2026-02-16 14:16:36.178583179+00:00,0,1,42140878,T,B,0,6864.0,1,0,12848,1478180,ES.v.0
2026-02-16 14:16:36.179205288+00:00,2026-02-16 14:16:36.178840045+00:00,0,1,42140878,T,B,0,6864.0,8,0,11930,1478181,ES.v.0
2026-02-16 14:16:36.179282583+00:00,2026-02-16 14:16:36.178862757+00:00,0,1,42140878,T,B,0,6864.0,1,0,12749,1478183,ES.v.0
2026-02-16 14:16:36.179329659+00:00,2026-02-16 14:16:36.178981101+00:00,0,1,42140878,T,B,0,6864.0,3,0,11857,1478184,ES.v.0
2026-02-16 14:16:36.179398334+00:00,2026-02-16 14:16:36.179089519+00:00,0,1,42140878,T,B,0,6864.0,1,0,13226,1478185,ES.v.0
2026-02-16 14:16:36.179398334+00:00,2026-02-16 14:16:36.179097141+00:00,0,1,42140878,T,B,0,6864.0,1,0,13226,1478185,ES.v.0
2026-02-16 14:16:36.309350359+00:00,2026-02-16 14:16:36.309001225+00:00,0,1,42140878,T,A,0,6863.75,6,0,12931,1478216,ES.v.0
2026-02-16 14:16:36.469703072+00:00,2026-02-16 14:16:36.469324761+00:00,0,1,42140878,T,B,0,6863.75,4,0,13170,1478261,ES.v.0
2026-02-16 14:16:36.469703072+00:00,2026-02-16 14:16:36.469324761+00:00,0,1,42140878,T,B,0,6864.0,6,0,13170,1478261,ES.v.0
2026-02-16 14:16:36.555762080+00:00,2026-02-16 14:16:36.555506911+00:00,0,1,42140878,T,A,0,6863.75,1,0,13810,1478290,ES.v.0
2026-02-16 14:16:36.556014375+00:00,2026-02-16 14:16:36.555771975+00:00,0,1,42140878,T,A,0,6863.75,1,0,12550,1478293,ES.v.0
2026-02-16 14:16:37.034607279+00:00,2026-02-16 14:16:37.034382425+00:00,0,1,42140878,T,B,0,6864.0,2,0,12518,1478337,ES.v.0
2026-02-16 14:16:37.855848368+00:00,2026-02-16 14:16:37.855573749+00:00,0,1,42140878,T,A,0,6863.75,2,0,13041,1478373,ES.v.0
2026-02-16 14:16:38.765228783+00:00,2026-02-16 14:16:38.764994259+00:00,0,1,42140878,T,B,0,6864.0,1,0,12562,1478467,ES.v.0
2026-02-16 14:16:39.556167595+00:00,2026-02-16 14:16:39.555922933+00:00,0,1,42140878,T,B,0,6864.0,1,0,15101,1478501,ES.v.0
2026-02-16 14:16:40.033332586+00:00,2026-02-16 14:16:40.033073035+00:00,0,1,42140878,T,A,0,6863.75,2,0,12834,1478528,ES.v.0
2026-02-16 14:16:40.036854699+00:00,2026-02-16 14:16:40.036494325+00:00,0,1,42140878,T,A,0,6863.5,8,0,12967,1478551,ES.v.0
2026-02-16 14:16:40.036993546+00:00,2026-02-16 14:16:40.036755683+00:00,0,1,42140878,T,A,0,6863.5,3,0,12381,1478554,ES.v.0
2026-02-16 14:16:40.037070016+00:00,2026-02-16 14:16:40.036755859+00:00,0,1,42140878,T,A,0,6863.5,1,0,12455,1478555,ES.v.0
2026-02-16 14:16:40.037070016+00:00,2026-02-16 14:16:40.036756037+00:00,0,1,42140878,T,A,0,6863.5,1,0,12455,1478555,ES.v.0
2026-02-16 14:16:40.037131127+00:00,2026-02-16 14:16:40.036786861+00:00,0,1,42140878,T,A,0,6863.5,1,0,13060,1478556,ES.v.0
2026-02-16 14:16:40.082603453+00:00,2026-02-16 14:16:40.082328029+00:00,0,1,42140878,T,A,0,6863.25,2,0,14388,1478602,ES.v.0
2026-02-16 14:16:40.248821538+00:00,2026-02-16 14:16:40.248597175+00:00,0,1,42140878,T,A,0,6863.25,1,0,12325,1478627,ES.v.0
2026-02-16 14:16:40.249007711+00:00,2026-02-16 14:16:40.248797787+00:00,0,1,42140878,T,A,0,6863.25,1,0,12431,1478629,ES.v.0
2026-02-16 14:16:40.268224045+00:00,2026-02-16 14:16:40.267954283+00:00,0,1,42140878,T,B,0,6863.25,1,0,12959,1478651,ES.v.0
2026-02-16 14:16:40.268424962+00:00,2026-02-16 14:16:40.268208691+00:00,0,1,42140878,T,B,0,6863.25,1,0,12678,1478653,ES.v.0
2026-02-16 14:16:40.268490450+00:00,2026-02-16 14:16:40.268233073+00:00,0,1,42140878,T,B,0,6863.25,2,0,11495,1478654,ES.v.0
2026-02-16 14:16:40.282781339+00:00,2026-02-16 14:16:40.282539787+00:00,0,1,42140878,T,B,0,6863.5,1,0,12797,1478664,ES.v.0
2026-02-16 14:16:40.469632888+00:00,2026-02-16 14:16:40.469376297+00:00,0,1,42140878,T,A,0,6863.25,1,0,12610,1478691,ES.v.0
2026-02-16 14:16:40.575609138+00:00,2026-02-16 14:16:40.575358637+00:00,0,1,42140878,T,B,0,6863.5,1,0,12468,1478699,ES.v.0
2026-02-16 14:16:41.706080326+00:00,2026-02-16 14:16:41.705842159+00:00,0,1,42140878,T,B,0,6863.5,1,0,12590,1478742,ES.v.0
2026-02-16 14:16:42.330750571+00:00,2026-02-16 14:16:42.330463025+00:00,0,1,42140878,T,B,0,6863.5,1,0,19159,1478790,ES.v.0
2026-02-16 14:16:42.529386275+00:00,2026-02-16 14:16:42.529126489+00:00,0,1,42140878,T,B,0,6863.5,2,0,12976,1478798,ES.v.0
2026-02-16 14:16:45.905860739+00:00,2026-02-16 14:16:45.905526157+00:00,0,1,42140878,T,A,0,6863.0,5,0,12530,1479109,ES.v.0
2026-02-16 14:16:45.906398850+00:00,2026-02-16 14:16:45.906133081+00:00,0,1,42140878,T,B,0,6863.0,1,0,19597,1479132,ES.v.0
2026-02-16 14:16:46.453041859+00:00,2026-02-16 14:16:46.452783615+00:00,0,1,42140878,T,A,0,6863.0,1,0,14656,1479182,ES.v.0
2026-02-16 14:16:47.035379524+00:00,2026-02-16 14:16:47.035131523+00:00,0,1,42140878,T,A,0,6863.0,1,0,13906,1479206,ES.v.0
2026-02-16 14:16:47.193631032+00:00,2026-02-16 14:16:47.193385235+00:00,0,1,42140878,T,A,0,6863.0,1,0,13676,1479216,ES.v.0
2026-02-16 14:16:48.004030823+00:00,2026-02-16 14:16:48.003782279+00:00,0,1,42140878,T,B,0,6863.25,1,0,12664,1479246,ES.v.0
2026-02-16 14:16:49.229303146+00:00,2026-02-16 14:16:49.229025553+00:00,0,1,42140878,T,B,0,6863.5,1,0,12596,1479273,ES.v.0
2026-02-16 14:16:50.031978121+00:00,2026-02-16 14:16:50.031721193+00:00,0,1,42140878,T,B,0,6863.25,1,0,13228,1479293,ES.v.0
2026-02-16 14:16:50.676997298+00:00,2026-02-16 14:16:50.676700299+00:00,0,1,42140878,T,B,0,6863.25,1,0,12533,1479323,ES.v.0
2026-02-16 14:16:50.677195106+00:00,2026-02-16 14:16:50.676972333+00:00,0,1,42140878,T,B,0,6863.25,1,0,12739,1479325,ES.v.0
2026-02-16 14:16:51.137130121+00:00,2026-02-16 14:16:51.136845863+00:00,0,1,42140878,T,A,0,6863.0,3,0,13437,1479335,ES.v.0
2026-02-16 14:16:51.144242735+00:00,2026-02-16 14:16:51.144012387+00:00,0,1,42140878,T,B,0,6863.25,1,0,12995,1479358,ES.v.0
2026-02-16 14:16:53.806754437+00:00,2026-02-16 14:16:53.806477699+00:00,0,1,42140878,T,B,0,6863.5,1,0,17479,1479477,ES.v.0
2026-02-16 14:16:53.836688903+00:00,2026-02-16 14:16:53.836456183+00:00,0,1,42140878,T,A,0,6863.5,1,0,13352,1479499,ES.v.0
2026-02-16 14:16:54.208653250+00:00,2026-02-16 14:16:54.208395047+00:00,0,1,42140878,T,A,0,6863.5,1,0,12658,1479569,ES.v.0
2026-02-16 14:16:55.664236397+00:00,2026-02-16 14:16:55.663955469+00:00,0,1,42140878,T,A,0,6863.25,1,0,12575,1479640,ES.v.0
2026-02-16 14:16:55.664272914+00:00,2026-02-16 14:16:55.663974055+00:00,0,1,42140878,T,A,0,6863.25,1,0,12203,1479641,ES.v.0
2026-02-16 14:16:55.664336174+00:00,2026-02-16 14:16:55.663987341+00:00,0,1,42140878,T,A,0,6863.25,2,0,13238,1479642,ES.v.0
2026-02-16 14:16:56.455660647+00:00,2026-02-16 14:16:56.455375393+00:00,0,1,42140878,T,A,0,6863.0,2,0,12909,1479718,ES.v.0
2026-02-16 14:17:00.046575869+00:00,2026-02-16 14:17:00.046311411+00:00,0,1,42140878,T,B,0,6863.0,2,0,12567,1479898,ES.v.0
2026-02-16 14:17:01.131522329+00:00,2026-02-16 14:17:01.131194217+00:00,0,1,42140878,T,A,0,6862.75,4,0,14075,1479956,ES.v.0
2026-02-16 14:17:01.150959720+00:00,2026-02-16 14:17:01.150685103+00:00,0,1,42140878,T,B,0,6862.75,1,0,13649,1479997,ES.v.0
2026-02-16 14:17:01.473421111+00:00,2026-02-16 14:17:01.472811127+00:00,0,1,42140878,T,B,0,6862.75,2,0,13408,1480021,ES.v.0
2026-02-16 14:17:01.944349619+00:00,2026-02-16 14:17:01.944099813+00:00,0,1,42140878,T,A,0,6862.75,1,0,12647,1480047,ES.v.0
2026-02-16 14:17:02.035962975+00:00,2026-02-16 14:17:02.035706915+00:00,0,1,42140878,T,A,0,6862.75,1,0,12595,1480052,ES.v.0
2026-02-16 14:17:02.368580656+00:00,2026-02-16 14:17:02.368220735+00:00,0,1,42140878,T,A,0,6862.5,4,0,13333,1480094,ES.v.0
2026-02-16 14:17:02.368626368+00:00,2026-02-16 14:17:02.368220735+00:00,0,1,42140878,T,A,0,6862.5,2,0,13177,1480095,ES.v.0
2026-02-16 14:17:02.368626368+00:00,2026-02-16 14:17:02.368224383+00:00,0,1,42140878,T,A,0,6862.5,2,0,13177,1480095,ES.v.0
2026-02-16 14:17:02.618469995+00:00,2026-02-16 14:17:02.618181157+00:00,0,1,42140878,T,A,0,6862.25,2,0,12620,1480183,ES.v.0
2026-02-16 14:17:02.618634685+00:00,2026-02-16 14:17:02.618413449+00:00,0,1,42140878,T,A,0,6862.25,1,0,13086,1480185,ES.v.0
2026-02-16 14:17:02.618707371+00:00,2026-02-16 14:17:02.618413871+00:00,0,1,42140878,T,A,0,6862.25,1,0,12955,1480186,ES.v.0
2026-02-16 14:17:02.618707371+00:00,2026-02-16 14:17:02.618417307+00:00,0,1,42140878,T,A,0,6862.25,1,0,12955,1480186,ES.v.0
2026-02-16 14:17:02.618762186+00:00,2026-02-16 14:17:02.618449293+00:00,0,1,42140878,T,A,0,6862.25,1,0,13167,1480187,ES.v.0
2026-02-16 14:17:02.618831167+00:00,2026-02-16 14:17:02.618452281+00:00,0,1,42140878,T,A,0,6862.25,1,0,12230,1480188,ES.v.0
2026-02-16 14:17:02.618831167+00:00,2026-02-16 14:17:02.618452461+00:00,0,1,42140878,T,A,0,6862.25,1,0,12230,1480188,ES.v.0
2026-02-16 14:17:04.132885264+00:00,2026-02-16 14:17:04.132578365+00:00,0,1,42140878,T,A,0,6862.25,2,0,13224,1480253,ES.v.0
2026-02-16 14:17:04.605914937+00:00,2026-02-16 14:17:04.605634963+00:00,0,1,42140878,T,B,0,6862.25,2,0,12630,1480288,ES.v.0
2026-02-16 14:17:05.285387002+00:00,2026-02-16 14:17:05.285119549+00:00,0,1,42140878,T,B,0,6862.5,2,0,12668,1480350,ES.v.0
2026-02-16 14:17:07.186288125+00:00,2026-02-16 14:17:07.186004093+00:00,0,1,42140878,T,B,0,6862.5,2,0,12430,1480525,ES.v.0
2026-02-16 14:17:07.508346015+00:00,2026-02-16 14:17:07.508040563+00:00,0,1,42140878,T,A,0,6862.25,3,0,12555,1480550,ES.v.0
2026-02-16 14:17:10.168361970+00:00,2026-02-16 14:17:10.168055307+00:00,0,1,42140878,T,B,0,6862.75,1,0,13974,1480643,ES.v.0
2026-02-16 14:17:10.168371223+00:00,2026-02-16 14:17:10.168055307+00:00,0,1,42140878,T,B,0,6862.75,1,0,11332,1480644,ES.v.0
2026-02-16 14:17:10.169369693+00:00,2026-02-16 14:17:10.169145225+00:00,0,1,42140878,T,A,0,6862.5,1,0,12722,1480652,ES.v.0
2026-02-16 14:17:13.229439504+00:00,2026-02-16 14:17:13.229162331+00:00,0,1,42140878,T,B,0,6862.5,1,0,15787,1480812,ES.v.0
2026-02-16 14:17:13.490231540+00:00,2026-02-16 14:17:13.489939825+00:00,0,1,42140878,T,B,0,6862.5,2,0,13451,1480857,ES.v.0
2026-02-16 14:17:13.712896217+00:00,2026-02-16 14:17:13.712596261+00:00,0,1,42140878,T,A,0,6862.25,1,0,13697,1480899,ES.v.0
2026-02-16 14:17:13.818866541+00:00,2026-02-16 14:17:13.818612213+00:00,0,1,42140878,T,A,0,6862.25,1,0,12436,1480908,ES.v.0
2026-02-16 14:17:13.877927023+00:00,2026-02-16 14:17:13.877518987+00:00,0,1,42140878,T,A,0,6862.0,10,0,13354,1480916,ES.v.0
2026-02-16 14:17:15.359005517+00:00,2026-02-16 14:17:15.358728699+00:00,0,1,42140878,T,A,0,6861.75,1,0,13432,1481073,ES.v.0
2026-02-16 14:17:15.359070141+00:00,2026-02-16 14:17:15.358841837+00:00,0,1,42140878,T,A,0,6861.75,1,0,11319,1481075,ES.v.0
2026-02-16 14:17:15.359133824+00:00,2026-02-16 14:17:15.358844027+00:00,0,1,42140878,T,A,0,6861.75,2,0,12891,1481077,ES.v.0
2026-02-16 14:17:16.008303629+00:00,2026-02-16 14:17:16.008032599+00:00,0,1,42140878,T,A,0,6861.5,1,0,14357,1481157,ES.v.0
2026-02-16 14:17:16.026069787+00:00,2026-02-16 14:17:16.025832369+00:00,0,1,42140878,T,A,0,6861.5,1,0,12642,1481159,ES.v.0
2026-02-16 14:17:16.026427810+00:00,2026-02-16 14:17:16.026208517+00:00,0,1,42140878,T,A,0,6861.5,1,0,13175,1481162,ES.v.0
2026-02-16 14:17:16.026585242+00:00,2026-02-16 14:17:16.026358463+00:00,0,1,42140878,T,A,0,6861.5,3,0,12452,1481165,ES.v.0
2026-02-16 14:17:16.098853306+00:00,2026-02-16 14:17:16.098594329+00:00,0,1,42140878,T,B,0,6861.5,2,0,12668,1481192,ES.v.0
2026-02-16 14:17:16.180119882+00:00,2026-02-16 14:17:16.179881967+00:00,0,1,42140878,T,B,0,6861.75,1,0,14197,1481225,ES.v.0
2026-02-16 14:17:16.180309280+00:00,2026-02-16 14:17:16.180090815+00:00,0,1,42140878,T,B,0,6861.75,2,0,12398,1481227,ES.v.0
2026-02-16 14:17:16.180348255+00:00,2026-02-16 14:17:16.180091083+00:00,0,1,42140878,T,B,0,6861.75,5,0,11765,1481228,ES.v.0
2026-02-16 14:17:16.180542586+00:00,2026-02-16 14:17:16.180351769+00:00,0,1,42140878,T,B,0,6861.75,1,0,12491,1481229,ES.v.0
2026-02-16 14:17:16.644047098+00:00,2026-02-16 14:17:16.643800767+00:00,0,1,42140878,T,B,0,6861.75,1,0,13011,1481270,ES.v.0
2026-02-16 14:17:17.038209187+00:00,2026-02-16 14:17:17.037923643+00:00,0,1,42140878,T,A,0,6861.75,2,0,14706,1481302,ES.v.0
2026-02-16 14:17:17.038420664+00:00,2026-02-16 14:17:17.038181315+00:00,0,1,42140878,T,A,0,6861.75,1,0,12461,1481304,ES.v.0
2026-02-16 14:17:17.607127106+00:00,2026-02-16 14:17:17.606838033+00:00,0,1,42140878,T,A,0,6861.5,1,0,12498,1481352,ES.v.0
2026-02-16 14:17:17.816460115+00:00,2026-02-16 14:17:17.816177247+00:00,0,1,42140878,T,B,0,6861.5,2,0,12975,1481387,ES.v.0
2026-02-16 14:17:18.024235265+00:00,2026-02-16 14:17:18.023938843+00:00,0,1,42140878,T,A,0,6861.5,2,0,13244,1481400,ES.v.0
2026-02-16 14:17:18.453662235+00:00,2026-02-16 14:17:18.453398417+00:00,0,1,42140878,T,A,0,6861.25,1,0,14292,1481440,ES.v.0
2026-02-16 14:17:19.207002322+00:00,2026-02-16 14:17:19.206697611+00:00,0,1,42140878,T,B,0,6861.5,2,0,12767,1481503,ES.v.0
2026-02-16 14:17:19.642406837+00:00,2026-02-16 14:17:19.642112017+00:00,0,1,42140878,T,A,0,6861.5,2,0,12716,1481574,ES.v.0
2026-02-16 14:17:20.006895605+00:00,2026-02-16 14:17:20.006637605+00:00,0,1,42140878,T,B,0,6861.5,1,0,12579,1481611,ES.v.0
2026-02-16 14:17:20.006942874+00:00,2026-02-16 14:17:20.006643961+00:00,0,1,42140878,T,B,0,6861.5,1,0,12793,1481612,ES.v.0
2026-02-16 14:17:20.007228650+00:00,2026-02-16 14:17:20.006905647+00:00,0,1,42140878,T,A,0,6861.5,2,0,13259,1481617,ES.v.0
2026-02-16 14:17:22.949981459+00:00,2026-02-16 14:17:22.949684899+00:00,0,1,42140878,T,A,0,6861.5,2,0,12862,1481811,ES.v.0
2026-02-16 14:17:23.546652128+00:00,2026-02-16 14:17:23.546370083+00:00,0,1,42140878,T,B,0,6861.5,1,0,12707,1481887,ES.v.0
2026-02-16 14:17:23.936629251+00:00,2026-02-16 14:17:23.936378173+00:00,0,1,42140878,T,B,0,6861.5,1,0,12543,1481916,ES.v.0
2026-02-16 14:17:25.186719362+00:00,2026-02-16 14:17:25.186455309+00:00,0,1,42140878,T,A,0,6861.5,1,0,13069,1481977,ES.v.0
2026-02-16 14:17:26.673444311+00:00,2026-02-16 14:17:26.673201411+00:00,0,1,42140878,T,A,0,6861.5,1,0,13385,1482052,ES.v.0
2026-02-16 14:17:26.774035549+00:00,2026-02-16 14:17:26.773696207+00:00,0,1,42140878,T,B,0,6861.75,6,0,12646,1482060,ES.v.0
2026-02-16 14:17:26.774314837+00:00,2026-02-16 14:17:26.774049281+00:00,0,1,42140878,T,B,0,6861.75,1,0,12774,1482065,ES.v.0
2026-02-16 14:17:28.942845500+00:00,2026-02-16 14:17:28.942485505+00:00,0,1,42140878,T,B,0,6862.0,1,0,13719,1482173,ES.v.0
2026-02-16 14:17:28.942860879+00:00,2026-02-16 14:17:28.942485505+00:00,0,1,42140878,T,B,0,6862.0,1,0,12884,1482174,ES.v.0
2026-02-16 14:17:28.942860879+00:00,2026-02-16 14:17:28.942485505+00:00,0,1,42140878,T,B,0,6862.25,1,0,12884,1482174,ES.v.0
2026-02-16 14:17:28.963581707+00:00,2026-02-16 14:17:28.963334599+00:00,0,1,42140878,T,A,0,6862.0,1,0,12909,1482204,ES.v.0
2026-02-16 14:17:28.964085987+00:00,2026-02-16 14:17:28.963825579+00:00,0,1,42140878,T,A,0,6862.0,2,0,12630,1482211,ES.v.0
2026-02-16 14:17:30.310681605+00:00,2026-02-16 14:17:30.310399529+00:00,0,1,42140878,T,B,0,6862.0,1,0,17461,1482238,ES.v.0
2026-02-16 14:17:31.687376677+00:00,2026-02-16 14:17:31.687085555+00:00,0,1,42140878,T,A,0,6862.0,2,0,12450,1482344,ES.v.0
2026-02-16 14:17:32.404766922+00:00,2026-02-16 14:17:32.404484805+00:00,0,1,42140878,T,B,0,6862.25,2,0,12849,1482399,ES.v.0
2026-02-16 14:17:33.081765821+00:00,2026-02-16 14:17:33.081484459+00:00,0,1,42140878,T,A,0,6862.0,3,0,12562,1482414,ES.v.0
2026-02-16 14:17:33.081996227+00:00,2026-02-16 14:17:33.081757087+00:00,0,1,42140878,T,A,0,6862.0,1,0,12590,1482417,ES.v.0
2026-02-16 14:17:33.447501267+00:00,2026-02-16 14:17:33.447224453+00:00,0,1,42140878,T,B,0,6862.0,1,0,12837,1482487,ES.v.0
2026-02-16 14:17:34.081043349+00:00,2026-02-16 14:17:34.080775437+00:00,0,1,42140878,T,B,0,6862.0,1,0,12884,1482591,ES.v.0
2026-02-16 14:17:34.222986007+00:00,2026-02-16 14:17:34.222769689+00:00,0,1,42140878,T,B,0,6862.0,1,0,12540,1482608,ES.v.0
2026-02-16 14:17:34.223221944+00:00,2026-02-16 14:17:34.222994647+00:00,0,1,42140878,T,B,0,6862.0,1,0,12542,1482613,ES.v.0
2026-02-16 14:17:34.878232250+00:00,2026-02-16 14:17:34.877962171+00:00,0,1,42140878,T,B,0,6862.0,1,0,12539,1482671,ES.v.0
2026-02-16 14:17:35.676225522+00:00,2026-02-16 14:17:35.675952525+00:00,0,1,42140878,T,B,0,6862.0,1,0,13254,1482745,ES.v.0
2026-02-16 14:17:36.456423709+00:00,2026-02-16 14:17:36.456160947+00:00,0,1,42140878,T,B,0,6862.0,1,0,12503,1482766,ES.v.0
2026-02-16 14:17:36.482182600+00:00,2026-02-16 14:17:36.481932685+00:00,0,1,42140878,T,B,0,6862.25,1,0,12457,1482798,ES.v.0
2026-02-16 14:17:37.035515704+00:00,2026-02-16 14:17:37.035198687+00:00,0,1,42140878,T,B,0,6862.25,3,0,12841,1482821,ES.v.0
2026-02-16 14:17:37.429687203+00:00,2026-02-16 14:17:37.429401181+00:00,0,1,42140878,T,B,0,6862.5,1,0,12801,1482906,ES.v.0
2026-02-16 14:17:37.969422255+00:00,2026-02-16 14:17:37.969150059+00:00,0,1,42140878,T,B,0,6862.5,1,0,13402,1482930,ES.v.0
2026-02-16 14:17:38.721002424+00:00,2026-02-16 14:17:38.720727107+00:00,0,1,42140878,T,A,0,6862.25,2,0,12486,1482941,ES.v.0
2026-02-16 14:17:39.156591275+00:00,2026-02-16 14:17:39.156272949+00:00,0,1,42140878,T,A,0,6862.0,7,0,12963,1482997,ES.v.0
2026-02-16 14:17:39.156779867+00:00,2026-02-16 14:17:39.156542909+00:00,0,1,42140878,T,A,0,6862.0,3,0,12761,1482999,ES.v.0
2026-02-16 14:17:39.156825080+00:00,2026-02-16 14:17:39.156562509+00:00,0,1,42140878,T,A,0,6862.0,1,0,12395,1483000,ES.v.0
2026-02-16 14:17:39.603206821+00:00,2026-02-16 14:17:39.602951923+00:00,0,1,42140878,T,B,0,6862.0,2,0,14474,1483049,ES.v.0
2026-02-16 14:17:40.194367331+00:00,2026-02-16 14:17:40.194105649+00:00,0,1,42140878,T,A,0,6862.0,1,0,12610,1483120,ES.v.0
2026-02-16 14:17:41.229291350+00:00,2026-02-16 14:17:41.229021261+00:00,0,1,42140878,T,A,0,6862.0,1,0,12641,1483151,ES.v.0
2026-02-16 14:17:42.917873947+00:00,2026-02-16 14:17:42.917596865+00:00,0,1,42140878,T,A,0,6861.75,1,0,13573,1483210,ES.v.0
2026-02-16 14:17:42.917947191+00:00,2026-02-16 14:17:42.917605179+00:00,0,1,42140878,T,A,0,6861.75,6,0,12594,1483211,ES.v.0
2026-02-16 14:17:42.918011911+00:00,2026-02-16 14:17:42.917609787+00:00,0,1,42140878,T,A,0,6861.75,2,0,13786,1483212,ES.v.0
2026-02-16 14:17:42.918011911+00:00,2026-02-16 14:17:42.917615489+00:00,0,1,42140878,T,A,0,6861.75,2,0,13786,1483212,ES.v.0
2026-02-16 14:17:42.918246677+00:00,2026-02-16 14:17:42.918017981+00:00,0,1,42140878,T,B,0,6861.75,1,0,12758,1483218,ES.v.0
2026-02-16 14:17:43.041793208+00:00,2026-02-16 14:17:43.041534333+00:00,0,1,42140878,T,B,0,6861.75,1,0,12491,1483256,ES.v.0
2026-02-16 14:17:43.839082663+00:00,2026-02-16 14:17:43.838833465+00:00,0,1,42140878,T,A,0,6861.5,3,0,12288,1483266,ES.v.0
2026-02-16 14:17:44.156816335+00:00,2026-02-16 14:17:44.156617905+00:00,0,1,42140878,T,A,0,6861.5,2,0,12531,1483273,ES.v.0
2026-02-16 14:17:44.157027370+00:00,2026-02-16 14:17:44.156822991+00:00,0,1,42140878,T,A,0,6861.5,1,0,12697,1483277,ES.v.0
2026-02-16 14:17:44.157064770+00:00,2026-02-16 14:17:44.156825621+00:00,0,1,42140878,T,A,0,6861.5,8,0,11792,1483278,ES.v.0
2026-02-16 14:17:44.157288437+00:00,2026-02-16 14:17:44.157030859+00:00,0,1,42140878,T,A,0,6861.5,3,0,12674,1483279,ES.v.0
2026-02-16 14:17:44.176515329+00:00,2026-02-16 14:17:44.176279301+00:00,0,1,42140878,T,B,0,6861.5,1,0,13804,1483297,ES.v.0
2026-02-16 14:17:44.176714367+00:00,2026-02-16 14:17:44.176494983+00:00,0,1,42140878,T,B,0,6861.5,1,0,12764,1483299,ES.v.0
2026-02-16 14:17:46.611550631+00:00,2026-02-16 14:17:46.611243939+00:00,0,1,42140878,T,A,0,6861.5,2,0,13930,1483407,ES.v.0
2026-02-16 14:17:46.685177036+00:00,2026-02-16 14:17:46.684907051+00:00,0,1,42140878,T,A,0,6861.5,2,0,12997,1483426,ES.v.0
2026-02-16 14:17:46.702813522+00:00,2026-02-16 14:17:46.702540843+00:00,0,1,42140878,T,A,0,6861.25,4,0,12525,1483467,ES.v.0
2026-02-16 14:17:46.702942443+00:00,2026-02-16 14:17:46.702750075+00:00,0,1,42140878,T,A,0,6861.25,5,0,12674,1483469,ES.v.0
2026-02-16 14:17:46.703075167+00:00,2026-02-16 14:17:46.702817043+00:00,0,1,42140878,T,A,0,6861.25,8,0,12583,1483471,ES.v.0
2026-02-16 14:17:47.103669348+00:00,2026-02-16 14:17:47.103185551+00:00,0,1,42140878,T,A,0,6861.0,22,0,13524,1483554,ES.v.0
2026-02-16 14:17:47.103684419+00:00,2026-02-16 14:17:47.103185551+00:00,0,1,42140878,T,A,0,6860.75,1,0,14092,1483555,ES.v.0
2026-02-16 14:17:47.103684419+00:00,2026-02-16 14:17:47.103185551+00:00,0,1,42140878,T,A,0,6860.75,1,0,14092,1483555,ES.v.0
2026-02-16 14:17:47.111867992+00:00,2026-02-16 14:17:47.111602693+00:00,0,1,42140878,T,A,0,6860.75,1,0,13069,1483624,ES.v.0
2026-02-16 14:17:47.887911093+00:00,2026-02-16 14:17:47.887642231+00:00,0,1,42140878,T,B,0,6861.0,1,0,13335,1483686,ES.v.0
2026-02-16 14:17:48.374366018+00:00,2026-02-16 14:17:48.374151347+00:00,0,1,42140878,T,A,0,6860.75,1,0,12636,1483713,ES.v.0
2026-02-16 14:17:48.374590186+00:00,2026-02-16 14:17:48.374376573+00:00,0,1,42140878,T,A,0,6860.75,1,0,12639,1483716,ES.v.0
2026-02-16 14:17:48.393213291+00:00,2026-02-16 14:17:48.392885097+00:00,0,1,42140878,T,A,0,6860.5,10,0,12799,1483768,ES.v.0
2026-02-16 14:17:48.399139946+00:00,2026-02-16 14:17:48.398784883+00:00,0,1,42140878,T,A,0,6860.25,4,0,12804,1483828,ES.v.0
2026-02-16 14:17:48.399154537+00:00,2026-02-16 14:17:48.398784883+00:00,0,1,42140878,T,A,0,6860.25,1,0,12713,1483829,ES.v.0
2026-02-16 14:17:48.399154537+00:00,2026-02-16 14:17:48.398784883+00:00,0,1,42140878,T,A,0,6860.25,2,0,12713,1483829,ES.v.0
2026-02-16 14:17:48.403370426+00:00,2026-02-16 14:17:48.403135181+00:00,0,1,42140878,T,B,0,6860.25,2,0,12477,1483881,ES.v.0
2026-02-16 14:17:48.407187781+00:00,2026-02-16 14:17:48.406967639+00:00,0,1,42140878,T,B,0,6860.25,2,0,12894,1483897,ES.v.0
2026-02-16 14:17:48.407416903+00:00,2026-02-16 14:17:48.407159995+00:00,0,1,42140878,T,B,0,6860.25,2,0,12604,1483899,ES.v.0
2026-02-16 14:17:48.407462693+00:00,2026-02-16 14:17:48.407160173+00:00,0,1,42140878,T,B,0,6860.25,1,0,12151,1483900,ES.v.0
2026-02-16 14:17:48.482637063+00:00,2026-02-16 14:17:48.482243671+00:00,0,1,42140878,T,B,0,6860.5,9,0,12910,1483976,ES.v.0
2026-02-16 14:17:48.507156739+00:00,2026-02-16 14:17:48.506903703+00:00,0,1,42140878,T,A,0,6860.5,2,0,13189,1484012,ES.v.0
2026-02-16 14:17:48.507412699+00:00,2026-02-16 14:17:48.507123245+00:00,0,1,42140878,T,A,0,6860.5,3,0,12518,1484014,ES.v.0
2026-02-16 14:17:49.128662099+00:00,2026-02-16 14:17:49.128393007+00:00,0,1,42140878,T,A,0,6860.5,1,0,15844,1484107,ES.v.0
2026-02-16 14:17:49.505644035+00:00,2026-02-16 14:17:49.505253841+00:00,0,1,42140878,T,A,0,6860.0,1,0,14403,1484242,ES.v.0
2026-02-16 14:17:49.505657090+00:00,2026-02-16 14:17:49.505253841+00:00,0,1,42140878,T,A,0,6860.0,1,0,12264,1484243,ES.v.0
2026-02-16 14:17:49.505657090+00:00,2026-02-16 14:17:49.505253841+00:00,0,1,42140878,T,A,0,6860.0,1,0,12264,1484243,ES.v.0
2026-02-16 14:17:49.505657090+00:00,2026-02-16 14:17:49.505253841+00:00,0,1,42140878,T,A,0,6860.0,1,0,12264,1484243,ES.v.0
2026-02-16 14:17:49.505657090+00:00,2026-02-16 14:17:49.505253841+00:00,0,1,42140878,T,A,0,6860.0,2,0,12264,1484243,ES.v.0
2026-02-16 14:17:49.988034491+00:00,2026-02-16 14:17:49.987778885+00:00,0,1,42140878,T,A,0,6860.0,1,0,12828,1484295,ES.v.0
2026-02-16 14:17:50.019358661+00:00,2026-02-16 14:17:50.019116499+00:00,0,1,42140878,T,A,0,6860.0,2,0,13195,1484316,ES.v.0
2026-02-16 14:17:50.019567808+00:00,2026-02-16 14:17:50.019324653+00:00,0,1,42140878,T,A,0,6860.0,1,0,13296,1484318,ES.v.0
2026-02-16 14:17:50.019635082+00:00,2026-02-16 14:17:50.019324831+00:00,0,1,42140878,T,A,0,6860.0,1,0,13476,1484319,ES.v.0
2026-02-16 14:17:50.019635082+00:00,2026-02-16 14:17:50.019362361+00:00,0,1,42140878,T,A,0,6860.0,2,0,13476,1484319,ES.v.0
2026-02-16 14:17:50.020156143+00:00,2026-02-16 14:17:50.019948377+00:00,0,1,42140878,T,A,0,6860.0,1,0,13221,1484340,ES.v.0
2026-02-16 14:17:50.364294001+00:00,2026-02-16 14:17:50.363936321+00:00,0,1,42140878,T,A,0,6859.75,2,0,12791,1484474,ES.v.0
2026-02-16 14:17:50.364374253+00:00,2026-02-16 14:17:50.363936321+00:00,0,1,42140878,T,A,0,6859.75,1,0,13155,1484475,ES.v.0
2026-02-16 14:17:50.364374253+00:00,2026-02-16 14:17:50.363942791+00:00,0,1,42140878,T,A,0,6859.75,3,0,13155,1484475,ES.v.0
2026-02-16 14:17:50.364510469+00:00,2026-02-16 14:17:50.364302985+00:00,0,1,42140878,T,B,0,6859.75,1,0,12643,1484479,ES.v.0
2026-02-16 14:17:50.364800951+00:00,2026-02-16 14:17:50.364472785+00:00,0,1,42140878,T,B,0,6859.75,3,0,12543,1484490,ES.v.0
2026-02-16 14:17:50.364888747+00:00,2026-02-16 14:17:50.364513831+00:00,0,1,42140878,T,B,0,6859.75,1,0,11869,1484493,ES.v.0
2026-02-16 14:17:50.365068776+00:00,2026-02-16 14:17:50.364747255+00:00,0,1,42140878,T,B,0,6859.75,1,0,12770,1484498,ES.v.0
2026-02-16 14:17:50.380240515+00:00,2026-02-16 14:17:50.379864191+00:00,0,1,42140878,T,B,0,6860.0,8,0,13111,1484529,ES.v.0
2026-02-16 14:17:50.602103595+00:00,2026-02-16 14:17:50.601834777+00:00,0,1,42140878,T,A,0,6860.0,1,0,13056,1484616,ES.v.0
2026-02-16 14:17:50.892530881+00:00,2026-02-16 14:17:50.892255269+00:00,0,1,42140878,T,B,0,6860.25,1,0,13212,1484651,ES.v.0
2026-02-16 14:17:51.241812717+00:00,2026-02-16 14:17:51.241545271+00:00,0,1,42140878,T,A,0,6860.25,1,0,13347,1484722,ES.v.0
2026-02-16 14:17:51.605312896+00:00,2026-02-16 14:17:51.605043397+00:00,0,1,42140878,T,A,0,6860.25,1,0,12881,1484780,ES.v.0
2026-02-16 14:17:51.694348165+00:00,2026-02-16 14:17:51.694091619+00:00,0,1,42140878,T,A,0,6860.0,1,0,12979,1484803,ES.v.0
2026-02-16 14:17:51.937982685+00:00,2026-02-16 14:17:51.937745903+00:00,0,1,42140878,T,B,0,6860.25,4,0,13257,1484834,ES.v.0
2026-02-16 14:17:52.086350056+00:00,2026-02-16 14:17:52.086108979+00:00,0,1,42140878,T,B,0,6860.25,2,0,13255,1484879,ES.v.0
2026-02-16 14:17:52.353075176+00:00,2026-02-16 14:17:52.352825599+00:00,0,1,42140878,T,A,0,6860.25,1,0,13743,1484911,ES.v.0
2026-02-16 14:17:52.845913176+00:00,2026-02-16 14:17:52.845632655+00:00,0,1,42140878,T,B,0,6860.5,1,0,13102,1484957,ES.v.0
2026-02-16 14:17:53.033808216+00:00,2026-02-16 14:17:53.033518771+00:00,0,1,42140878,T,B,0,6860.25,3,0,12818,1485006,ES.v.0
2026-02-16 14:17:53.102386267+00:00,2026-02-16 14:17:53.102111559+00:00,0,1,42140878,T,B,0,6860.5,2,0,13069,1485026,ES.v.0
2026-02-16 14:17:53.186980394+00:00,2026-02-16 14:17:53.186596525+00:00,0,1,42140878,T,B,0,6860.5,14,0,14905,1485045,ES.v.0
2026-02-16 14:17:53.187147675+00:00,2026-02-16 14:17:53.186617913+00:00,0,1,42140878,T,B,0,6860.75,16,0,18421,1485046,ES.v.0
2026-02-16 14:17:53.188227773+00:00,2026-02-16 14:17:53.187180563+00:00,0,1,42140878,T,B,0,6861.0,1,0,12898,1485090,ES.v.0
2026-02-16 14:17:53.188324938+00:00,2026-02-16 14:17:53.187181445+00:00,0,1,42140878,T,A,0,6860.75,1,0,15545,1485091,ES.v.0
2026-02-16 14:17:53.188324938+00:00,2026-02-16 14:17:53.187191181+00:00,0,1,42140878,T,B,0,6861.0,4,0,15545,1485091,ES.v.0
2026-02-16 14:17:53.188487957+00:00,2026-02-16 14:17:53.187456859+00:00,0,1,42140878,T,B,0,6861.0,2,0,14333,1485094,ES.v.0
2026-02-16 14:17:53.188548587+00:00,2026-02-16 14:17:53.187493451+00:00,0,1,42140878,T,B,0,6861.0,1,0,13505,1485095,ES.v.0
2026-02-16 14:17:53.188548587+00:00,2026-02-16 14:17:53.187493629+00:00,0,1,42140878,T,B,0,6861.0,2,0,13505,1485095,ES.v.0
2026-02-16 14:17:53.188866119+00:00,2026-02-16 14:17:53.188532011+00:00,0,1,42140878,T,A,0,6861.0,1,0,12617,1485106,ES.v.0
2026-02-16 14:17:53.188959061+00:00,2026-02-16 14:17:53.188686373+00:00,0,1,42140878,T,B,0,6861.0,1,0,15351,1485107,ES.v.0
2026-02-16 14:17:53.189010362+00:00,2026-02-16 14:17:53.188729935+00:00,0,1,42140878,T,A,0,6861.0,1,0,14390,1485108,ES.v.0
2026-02-16 14:17:53.189110792+00:00,2026-02-16 14:17:53.188840081+00:00,0,1,42140878,T,A,0,6861.0,1,0,12750,1485109,ES.v.0
2026-02-16 14:17:53.189140743+00:00,2026-02-16 14:17:53.188850717+00:00,0,1,42140878,T,A,0,6861.0,1,0,12701,1485110,ES.v.0
2026-02-16 14:17:53.189553232+00:00,2026-02-16 14:17:53.189232243+00:00,0,1,42140878,T,B,0,6861.0,1,0,12935,1485123,ES.v.0
2026-02-16 14:17:53.189832367+00:00,2026-02-16 14:17:53.189572163+00:00,0,1,42140878,T,A,0,6861.0,1,0,12661,1485126,ES.v.0
2026-02-16 14:17:53.189985920+00:00,2026-02-16 14:17:53.189766631+00:00,0,1,42140878,T,A,0,6861.0,1,0,12591,1485128,ES.v.0
2026-02-16 14:17:53.209172151+00:00,2026-02-16 14:17:53.208918923+00:00,0,1,42140878,T,B,0,6861.0,1,0,13180,1485197,ES.v.0
2026-02-16 14:17:53.209738291+00:00,2026-02-16 14:17:53.209516843+00:00,0,1,42140878,T,A,0,6861.0,1,0,12981,1485201,ES.v.0
2026-02-16 14:17:53.258900704+00:00,2026-02-16 14:17:53.258631279+00:00,0,1,42140878,T,B,0,6861.25,1,0,13286,1485257,ES.v.0
2026-02-16 14:17:53.781205880+00:00,2026-02-16 14:17:53.780919565+00:00,0,1,42140878,T,B,0,6861.5,1,0,12802,1485366,ES.v.0
2026-02-16 14:17:53.781412327+00:00,2026-02-16 14:17:53.781183977+00:00,0,1,42140878,T,B,0,6861.5,2,0,12738,1485369,ES.v.0
2026-02-16 14:17:53.781636743+00:00,2026-02-16 14:17:53.781415903+00:00,0,1,42140878,T,B,0,6861.5,2,0,13126,1485371,ES.v.0
2026-02-16 14:17:53.781911923+00:00,2026-02-16 14:17:53.781657197+00:00,0,1,42140878,T,B,0,6861.5,2,0,13059,1485375,ES.v.0
2026-02-16 14:17:53.856438899+00:00,2026-02-16 14:17:53.856164459+00:00,0,1,42140878,T,A,0,6861.5,3,0,12599,1485408,ES.v.0
2026-02-16 14:17:53.862202189+00:00,2026-02-16 14:17:53.861927873+00:00,0,1,42140878,T,B,0,6861.5,3,0,13390,1485419,ES.v.0
2026-02-16 14:17:53.869843371+00:00,2026-02-16 14:17:53.869482151+00:00,0,1,42140878,T,A,0,6861.5,8,0,13250,1485450,ES.v.0
2026-02-16 14:17:54.101707208+00:00,2026-02-16 14:17:54.101439613+00:00,0,1,42140878,T,A,0,6861.25,1,0,12499,1485515,ES.v.0
2026-02-16 14:17:54.369863390+00:00,2026-02-16 14:17:54.369554157+00:00,0,1,42140878,T,B,0,6861.25,2,0,12851,1485552,ES.v.0
2026-02-16 14:17:54.370068608+00:00,2026-02-16 14:17:54.369793071+00:00,0,1,42140878,T,B,0,6861.25,4,0,13200,1485554,ES.v.0
2026-02-16 14:17:54.370092395+00:00,2026-02-16 14:17:54.369808527+00:00,0,1,42140878,T,B,0,6861.25,2,0,12369,1485555,ES.v.0
2026-02-16 14:17:54.370420717+00:00,2026-02-16 14:17:54.370123527+00:00,0,1,42140878,T,A,0,6861.25,3,0,12911,1485561,ES.v.0
2026-02-16 14:17:54.390084406+00:00,2026-02-16 14:17:54.389835435+00:00,0,1,42140878,T,B,0,6861.25,1,0,12632,1485577,ES.v.0
2026-02-16 14:17:54.714170076+00:00,2026-02-16 14:17:54.713918305+00:00,0,1,42140878,T,A,0,6861.25,1,0,12995,1485624,ES.v.0
2026-02-16 14:17:54.714239442+00:00,2026-02-16 14:17:54.713918939+00:00,0,1,42140878,T,A,0,6861.25,1,0,12021,1485625,ES.v.0
2026-02-16 14:17:54.717836469+00:00,2026-02-16 14:17:54.717577205+00:00,0,1,42140878,T,B,0,6861.25,2,0,12706,1485634,ES.v.0
2026-02-16 14:17:54.742754559+00:00,2026-02-16 14:17:54.742522783+00:00,0,1,42140878,T,B,0,6861.25,4,0,12853,1485644,ES.v.0
2026-02-16 14:17:54.916468056+00:00,2026-02-16 14:17:54.916230279+00:00,0,1,42140878,T,A,0,6861.25,1,0,12922,1485683,ES.v.0
2026-02-16 14:17:54.916698290+00:00,2026-02-16 14:17:54.916474031+00:00,0,1,42140878,T,A,0,6861.25,1,0,12631,1485686,ES.v.0
2026-02-16 14:17:54.916884655+00:00,2026-02-16 14:17:54.916672013+00:00,0,1,42140878,T,A,0,6861.25,1,0,12343,1485688,ES.v.0
2026-02-16 14:17:55.631261512+00:00,2026-02-16 14:17:55.630967259+00:00,0,1,42140878,T,B,0,6861.5,1,0,13171,1485754,ES.v.0
2026-02-16 14:17:55.719557048+00:00,2026-02-16 14:17:55.719290193+00:00,0,1,42140878,T,B,0,6861.5,1,0,13125,1485763,ES.v.0
2026-02-16 14:17:55.721694242+00:00,2026-02-16 14:17:55.721441421+00:00,0,1,42140878,T,B,0,6861.5,1,0,12468,1485767,ES.v.0
2026-02-16 14:17:55.721919005+00:00,2026-02-16 14:17:55.721702933+00:00,0,1,42140878,T,B,0,6861.5,2,0,12480,1485769,ES.v.0
2026-02-16 14:17:55.725929790+00:00,2026-02-16 14:17:55.725709201+00:00,0,1,42140878,T,B,0,6861.5,1,0,12701,1485774,ES.v.0
2026-02-16 14:17:55.726045579+00:00,2026-02-16 14:17:55.725847761+00:00,0,1,42140878,T,B,0,6861.5,1,0,12676,1485776,ES.v.0
2026-02-16 14:17:55.726143302+00:00,2026-02-16 14:17:55.725933601+00:00,0,1,42140878,T,B,0,6861.5,1,0,12620,1485778,ES.v.0
2026-02-16 14:17:55.800593173+00:00,2026-02-16 14:17:55.800301993+00:00,0,1,42140878,T,A,0,6861.25,2,0,12763,1485803,ES.v.0
2026-02-16 14:17:55.975713642+00:00,2026-02-16 14:17:55.975464575+00:00,0,1,42140878,T,B,0,6861.25,3,0,13543,1485846,ES.v.0
2026-02-16 14:17:55.975962001+00:00,2026-02-16 14:17:55.975717141+00:00,0,1,42140878,T,B,0,6861.25,1,0,12508,1485848,ES.v.0
2026-02-16 14:17:56.867941090+00:00,2026-02-16 14:17:56.867643729+00:00,0,1,42140878,T,A,0,6861.25,2,0,12573,1485900,ES.v.0
2026-02-16 14:17:56.868416168+00:00,2026-02-16 14:17:56.868194553+00:00,0,1,42140878,T,B,0,6861.25,1,0,13120,1485907,ES.v.0
2026-02-16 14:17:57.168202155+00:00,2026-02-16 14:17:57.167806141+00:00,0,1,42140878,T,A,0,6861.25,2,0,13448,1485931,ES.v.0
2026-02-16 14:17:57.168202155+00:00,2026-02-16 14:17:57.167806141+00:00,0,1,42140878,T,A,0,6861.0,3,0,13448,1485931,ES.v.0
2026-02-16 14:17:57.530948730+00:00,2026-02-16 14:17:57.530251505+00:00,0,1,42140878,T,B,0,6861.25,7,0,16160,1486002,ES.v.0
2026-02-16 14:17:57.530948730+00:00,2026-02-16 14:17:57.530251505+00:00,0,1,42140878,T,B,0,6861.5,8,0,16160,1486002,ES.v.0
2026-02-16 14:17:57.530948730+00:00,2026-02-16 14:17:57.530251505+00:00,0,1,42140878,T,B,0,6861.75,14,0,16160,1486002,ES.v.0
2026-02-16 14:17:57.530948730+00:00,2026-02-16 14:17:57.530251505+00:00,0,1,42140878,T,B,0,6862.0,23,0,16160,1486002,ES.v.0
2026-02-16 14:17:57.530948730+00:00,2026-02-16 14:17:57.530251505+00:00,0,1,42140878,T,B,0,6862.25,25,0,16160,1486002,ES.v.0
2026-02-16 14:17:57.531633808+00:00,2026-02-16 14:17:57.530821547+00:00,0,1,42140878,T,A,0,6862.25,2,0,13241,1486011,ES.v.0
2026-02-16 14:17:57.531730551+00:00,2026-02-16 14:17:57.530895021+00:00,0,1,42140878,T,A,0,6862.25,21,0,14849,1486012,ES.v.0
2026-02-16 14:17:57.532864482+00:00,2026-02-16 14:17:57.531089547+00:00,0,1,42140878,T,A,0,6861.75,1,0,12698,1486040,ES.v.0
2026-02-16 14:17:57.532864482+00:00,2026-02-16 14:17:57.531089547+00:00,0,1,42140878,T,A,0,6861.5,1,0,12698,1486040,ES.v.0
2026-02-16 14:17:57.533288607+00:00,2026-02-16 14:17:57.531106325+00:00,0,1,42140878,T,B,0,6862.0,2,0,14468,1486046,ES.v.0
2026-02-16 14:17:57.533288607+00:00,2026-02-16 14:17:57.531106325+00:00,0,1,42140878,T,B,0,6862.25,3,0,14468,1486046,ES.v.0
2026-02-16 14:17:57.533288607+00:00,2026-02-16 14:17:57.531106325+00:00,0,1,42140878,T,B,0,6862.5,24,0,14468,1486046,ES.v.0
2026-02-16 14:17:57.534048043+00:00,2026-02-16 14:17:57.532750639+00:00,0,1,42140878,T,A,0,6861.75,1,0,12626,1486058,ES.v.0
2026-02-16 14:17:57.534186314+00:00,2026-02-16 14:17:57.532849821+00:00,0,1,42140878,T,A,0,6861.75,1,0,15263,1486060,ES.v.0
2026-02-16 14:17:57.534186314+00:00,2026-02-16 14:17:57.532862665+00:00,0,1,42140878,T,A,0,6861.75,1,0,15263,1486060,ES.v.0
2026-02-16 14:17:57.534186314+00:00,2026-02-16 14:17:57.532864739+00:00,0,1,42140878,T,A,0,6861.75,1,0,15263,1486060,ES.v.0
2026-02-16 14:17:57.534381338+00:00,2026-02-16 14:17:57.533115057+00:00,0,1,42140878,T,B,0,6861.75,1,0,14931,1486062,ES.v.0
2026-02-16 14:17:57.534448323+00:00,2026-02-16 14:17:57.533179893+00:00,0,1,42140878,T,B,0,6861.75,1,0,11590,1486063,ES.v.0
2026-02-16 14:17:57.534496704+00:00,2026-02-16 14:17:57.533189681+00:00,0,1,42140878,T,B,0,6861.75,1,0,14029,1486064,ES.v.0
2026-02-16 14:17:57.534691152+00:00,2026-02-16 14:17:57.533304035+00:00,0,1,42140878,T,B,0,6862.0,2,0,16398,1486065,ES.v.0
2026-02-16 14:17:57.534691152+00:00,2026-02-16 14:17:57.533308047+00:00,0,1,42140878,T,B,0,6862.0,2,0,16398,1486065,ES.v.0
2026-02-16 14:17:57.534748096+00:00,2026-02-16 14:17:57.533309717+00:00,0,1,42140878,T,B,0,6862.0,1,0,13040,1486066,ES.v.0
2026-02-16 14:17:57.534748096+00:00,2026-02-16 14:17:57.533312061+00:00,0,1,42140878,T,B,0,6862.0,2,0,13040,1486066,ES.v.0
2026-02-16 14:17:57.534909061+00:00,2026-02-16 14:17:57.533346657+00:00,0,1,42140878,T,B,0,6862.0,4,0,14779,1486068,ES.v.0
2026-02-16 14:17:57.534909061+00:00,2026-02-16 14:17:57.533366125+00:00,0,1,42140878,T,B,0,6862.0,1,0,14779,1486068,ES.v.0
2026-02-16 14:17:57.534909061+00:00,2026-02-16 14:17:57.533368313+00:00,0,1,42140878,T,B,0,6862.0,1,0,14779,1486068,ES.v.0
2026-02-16 14:17:57.535159205+00:00,2026-02-16 14:17:57.534193991+00:00,0,1,42140878,T,A,0,6861.75,2,0,15382,1486072,ES.v.0
2026-02-16 14:17:57.535399154+00:00,2026-02-16 14:17:57.534809537+00:00,0,1,42140878,T,B,0,6862.0,1,0,12794,1486076,ES.v.0
2026-02-16 14:17:57.535473856+00:00,2026-02-16 14:17:57.534971597+00:00,0,1,42140878,T,A,0,6862.0,1,0,11875,1486078,ES.v.0
2026-02-16 14:17:57.536066607+00:00,2026-02-16 14:17:57.535836269+00:00,0,1,42140878,T,B,0,6862.0,1,0,12704,1486091,ES.v.0
2026-02-16 14:17:57.543972984+00:00,2026-02-16 14:17:57.543721843+00:00,0,1,42140878,T,B,0,6862.0,1,0,12511,1486134,ES.v.0
2026-02-16 14:17:57.549870397+00:00,2026-02-16 14:17:57.549641729+00:00,0,1,42140878,T,B,0,6862.0,1,0,12787,1486148,ES.v.0
2026-02-16 14:17:57.573598709+00:00,2026-02-16 14:17:57.573305785+00:00,0,1,42140878,T,B,0,6862.0,3,0,13330,1486172,ES.v.0
2026-02-16 14:17:57.573765528+00:00,2026-02-16 14:17:57.573552935+00:00,0,1,42140878,T,B,0,6862.0,1,0,12741,1486174,ES.v.0
2026-02-16 14:17:57.573864922+00:00,2026-02-16 14:17:57.573602141+00:00,0,1,42140878,T,B,0,6862.0,1,0,12941,1486177,ES.v.0
2026-02-16 14:17:57.573917488+00:00,2026-02-16 14:17:57.573602537+00:00,0,1,42140878,T,B,0,6862.0,2,0,12186,1486178,ES.v.0
2026-02-16 14:17:57.573985127+00:00,2026-02-16 14:17:57.573741643+00:00,0,1,42140878,T,A,0,6862.0,1,0,12638,1486180,ES.v.0
2026-02-16 14:17:57.574215783+00:00,2026-02-16 14:17:57.573978793+00:00,0,1,42140878,T,A,0,6862.0,1,0,13035,1486185,ES.v.0
2026-02-16 14:17:57.574258635+00:00,2026-02-16 14:17:57.573983475+00:00,0,1,42140878,T,A,0,6862.0,1,0,12256,1486186,ES.v.0
2026-02-16 14:17:57.574288643+00:00,2026-02-16 14:17:57.573990235+00:00,0,1,42140878,T,A,0,6862.0,1,0,12132,1486187,ES.v.0
2026-02-16 14:17:58.146587413+00:00,2026-02-16 14:17:58.146266303+00:00,0,1,42140878,T,B,0,6862.0,6,0,12687,1486254,ES.v.0
2026-02-16 14:17:58.147117690+00:00,2026-02-16 14:17:58.146809911+00:00,0,1,42140878,T,A,0,6862.0,3,0,13253,1486276,ES.v.0
2026-02-16 14:17:58.147382930+00:00,2026-02-16 14:17:58.147106173+00:00,0,1,42140878,T,A,0,6862.0,4,0,14504,1486280,ES.v.0
2026-02-16 14:17:58.272817695+00:00,2026-02-16 14:17:58.272529575+00:00,0,1,42140878,T,A,0,6862.0,1,0,12776,1486389,ES.v.0
2026-02-16 14:17:58.273106045+00:00,2026-02-16 14:17:58.272821351+00:00,0,1,42140878,T,A,0,6862.0,3,0,13102,1486392,ES.v.0
2026-02-16 14:17:58.273307922+00:00,2026-02-16 14:17:58.273080285+00:00,0,1,42140878,T,A,0,6862.0,1,0,12584,1486396,ES.v.0
2026-02-16 14:17:58.273395469+00:00,2026-02-16 14:17:58.273081131+00:00,0,1,42140878,T,A,0,6862.0,1,0,11790,1486397,ES.v.0
2026-02-16 14:17:58.321726175+00:00,2026-02-16 14:17:58.321458013+00:00,0,1,42140878,T,B,0,6862.25,1,0,14292,1486416,ES.v.0
2026-02-16 14:17:58.973186466+00:00,2026-02-16 14:17:58.972937975+00:00,0,1,42140878,T,B,0,6862.25,1,0,13116,1486506,ES.v.0
2026-02-16 14:17:59.811105632+00:00,2026-02-16 14:17:59.810733363+00:00,0,1,42140878,T,A,0,6862.0,6,0,13111,1486538,ES.v.0
2026-02-16 14:17:59.811146411+00:00,2026-02-16 14:17:59.810743039+00:00,0,1,42140878,T,A,0,6862.0,1,0,13382,1486539,ES.v.0
2026-02-16 14:18:00.148987032+00:00,2026-02-16 14:18:00.148650207+00:00,0,1,42140878,T,A,0,6861.75,1,0,13966,1486661,ES.v.0
2026-02-16 14:18:00.148996887+00:00,2026-02-16 14:18:00.148650207+00:00,0,1,42140878,T,A,0,6861.75,1,0,11908,1486662,ES.v.0
2026-02-16 14:18:00.149251562+00:00,2026-02-16 14:18:00.149032845+00:00,0,1,42140878,T,A,0,6861.75,1,0,12665,1486665,ES.v.0
2026-02-16 14:18:00.149605962+00:00,2026-02-16 14:18:00.149359251+00:00,0,1,42140878,T,B,0,6861.75,2,0,13069,1486674,ES.v.0
2026-02-16 14:18:00.815521397+00:00,2026-02-16 14:18:00.815233627+00:00,0,1,42140878,T,A,0,6861.75,1,0,12754,1486738,ES.v.0
2026-02-16 14:18:00.816159917+00:00,2026-02-16 14:18:00.815921897+00:00,0,1,42140878,T,A,0,6861.75,1,0,13212,1486745,ES.v.0
2026-02-16 14:18:00.870591533+00:00,2026-02-16 14:18:00.870358993+00:00,0,1,42140878,T,B,0,6861.75,2,0,12605,1486758,ES.v.0
2026-02-16 14:18:01.482509183+00:00,2026-02-16 14:18:01.482238237+00:00,0,1,42140878,T,B,0,6862.0,2,0,12822,1486795,ES.v.0
2026-02-16 14:18:01.483525173+00:00,2026-02-16 14:18:01.483215167+00:00,0,1,42140878,T,A,0,6862.0,3,0,13030,1486813,ES.v.0
2026-02-16 14:18:01.534434688+00:00,2026-02-16 14:18:01.534188159+00:00,0,1,42140878,T,B,0,6862.0,1,0,13041,1486826,ES.v.0
2026-02-16 14:18:01.711916021+00:00,2026-02-16 14:18:01.711596005+00:00,0,1,42140878,T,B,0,6862.25,3,0,13134,1486866,ES.v.0
2026-02-16 14:18:02.269273202+00:00,2026-02-16 14:18:02.268934399+00:00,0,1,42140878,T,A,0,6862.25,3,0,12847,1486967,ES.v.0
2026-02-16 14:18:02.269557328+00:00,2026-02-16 14:18:02.269333127+00:00,0,1,42140878,T,B,0,6862.25,1,0,12415,1486972,ES.v.0
2026-02-16 14:18:02.328549707+00:00,2026-02-16 14:18:02.328249961+00:00,0,1,42140878,T,A,0,6862.25,3,0,12685,1486995,ES.v.0
2026-02-16 14:18:02.623764791+00:00,2026-02-16 14:18:02.623446381+00:00,0,1,42140878,T,B,0,6862.25,1,0,13302,1487029,ES.v.0
2026-02-16 14:18:02.874509066+00:00,2026-02-16 14:18:02.874249069+00:00,0,1,42140878,T,A,0,6862.25,1,0,12772,1487051,ES.v.0
2026-02-16 14:18:02.874722720+00:00,2026-02-16 14:18:02.874487273+00:00,0,1,42140878,T,A,0,6862.25,1,0,13587,1487054,ES.v.0
2026-02-16 14:18:03.815504220+00:00,2026-02-16 14:18:03.815208097+00:00,0,1,42140878,T,B,0,6862.5,2,0,13154,1487126,ES.v.0
2026-02-16 14:18:04.265136894+00:00,2026-02-16 14:18:04.264854893+00:00,0,1,42140878,T,A,0,6862.25,1,0,12810,1487180,ES.v.0
2026-02-16 14:18:04.265517341+00:00,2026-02-16 14:18:04.265281901+00:00,0,1,42140878,T,A,0,6862.25,1,0,12527,1487188,ES.v.0
2026-02-16 14:18:05.433554586+00:00,2026-02-16 14:18:05.433148751+00:00,0,1,42140878,T,A,0,6862.0,7,0,13012,1487295,ES.v.0
2026-02-16 14:18:08.654825488+00:00,2026-02-16 14:18:08.654484383+00:00,0,1,42140878,T,A,0,6861.75,2,0,14482,1487432,ES.v.0
2026-02-16 14:18:08.674700848+00:00,2026-02-16 14:18:08.674364321+00:00,0,1,42140878,T,B,0,6861.75,2,0,12831,1487455,ES.v.0
2026-02-16 14:18:09.149580301+00:00,2026-02-16 14:18:09.148584391+00:00,0,1,42140878,T,B,0,6862.0,3,0,22779,1487491,ES.v.0
2026-02-16 14:18:09.149580301+00:00,2026-02-16 14:18:09.148584391+00:00,0,1,42140878,T,B,0,6862.25,10,0,22779,1487491,ES.v.0
2026-02-16 14:18:09.149580301+00:00,2026-02-16 14:18:09.148584391+00:00,0,1,42140878,T,B,0,6862.5,12,0,22779,1487491,ES.v.0
2026-02-16 14:18:09.149580301+00:00,2026-02-16 14:18:09.148584391+00:00,0,1,42140878,T,B,0,6862.75,18,0,22779,1487491,ES.v.0
2026-02-16 14:18:09.149580301+00:00,2026-02-16 14:18:09.148584391+00:00,0,1,42140878,T,B,0,6863.0,28,0,22779,1487491,ES.v.0
2026-02-16 14:18:09.149580301+00:00,2026-02-16 14:18:09.148584391+00:00,0,1,42140878,T,B,0,6863.25,26,0,22779,1487491,ES.v.0
2026-02-16 14:18:09.149593299+00:00,2026-02-16 14:18:09.148584391+00:00,0,1,42140878,T,B,0,6863.5,1,0,10521,1487492,ES.v.0
2026-02-16 14:18:09.149804008+00:00,2026-02-16 14:18:09.148584391+00:00,0,1,42140878,T,B,0,6863.5,1,0,12850,1487493,ES.v.0
2026-02-16 14:18:09.149812437+00:00,2026-02-16 14:18:09.148584391+00:00,0,1,42140878,T,B,0,6863.5,1,0,11909,1487494,ES.v.0
2026-02-16 14:18:09.149812437+00:00,2026-02-16 14:18:09.148584391+00:00,0,1,42140878,T,B,0,6863.5,2,0,11909,1487494,ES.v.0
2026-02-16 14:18:09.152556799+00:00,2026-02-16 14:18:09.150843133+00:00,0,1,42140878,T,B,0,6862.75,1,0,13173,1487617,ES.v.0
2026-02-16 14:18:09.152809477+00:00,2026-02-16 14:18:09.151112593+00:00,0,1,42140878,T,A,0,6862.5,4,0,20979,1487618,ES.v.0
2026-02-16 14:18:09.152820018+00:00,2026-02-16 14:18:09.151113975+00:00,0,1,42140878,T,A,0,6862.5,4,0,11721,1487619,ES.v.0
2026-02-16 14:18:09.152913869+00:00,2026-02-16 14:18:09.151290569+00:00,0,1,42140878,T,B,0,6862.75,1,0,16962,1487620,ES.v.0
2026-02-16 14:18:09.153314487+00:00,2026-02-16 14:18:09.152941083+00:00,0,1,42140878,T,A,0,6862.5,1,0,12757,1487634,ES.v.0
2026-02-16 14:18:09.153457616+00:00,2026-02-16 14:18:09.153174621+00:00,0,1,42140878,T,A,0,6862.5,2,0,13262,1487636,ES.v.0
2026-02-16 14:18:09.153609979+00:00,2026-02-16 14:18:09.153324203+00:00,0,1,42140878,T,A,0,6862.5,1,0,12894,1487638,ES.v.0
2026-02-16 14:18:09.153821715+00:00,2026-02-16 14:18:09.153603455+00:00,0,1,42140878,T,B,0,6862.5,1,0,13645,1487645,ES.v.0
2026-02-16 14:18:09.155061059+00:00,2026-02-16 14:18:09.154819029+00:00,0,1,42140878,T,A,0,6862.5,1,0,13052,1487657,ES.v.0
2026-02-16 14:18:09.155308975+00:00,2026-02-16 14:18:09.155048861+00:00,0,1,42140878,T,A,0,6862.5,3,0,12987,1487661,ES.v.0
2026-02-16 14:18:09.172153810+00:00,2026-02-16 14:18:09.171820783+00:00,0,1,42140878,T,B,0,6862.5,7,0,13277,1487712,ES.v.0
2026-02-16 14:18:09.194020238+00:00,2026-02-16 14:18:09.193746087+00:00,0,1,42140878,T,A,0,6862.5,2,0,13191,1487758,ES.v.0
2026-02-16 14:18:09.194140002+00:00,2026-02-16 14:18:09.193746267+00:00,0,1,42140878,T,A,0,6862.5,7,0,13045,1487760,ES.v.0
2026-02-16 14:18:09.284969282+00:00,2026-02-16 14:18:09.284715587+00:00,0,1,42140878,T,B,0,6862.5,1,0,12927,1487798,ES.v.0
2026-02-16 14:18:09.355536077+00:00,2026-02-16 14:18:09.355148287+00:00,0,1,42140878,T,B,0,6862.75,2,0,12867,1487837,ES.v.0
2026-02-16 14:18:09.355914336+00:00,2026-02-16 14:18:09.355674383+00:00,0,1,42140878,T,A,0,6862.75,1,0,12632,1487848,ES.v.0
2026-02-16 14:18:09.355990293+00:00,2026-02-16 14:18:09.355734015+00:00,0,1,42140878,T,A,0,6862.75,1,0,11872,1487850,ES.v.0
2026-02-16 14:18:09.356049707+00:00,2026-02-16 14:18:09.355766501+00:00,0,1,42140878,T,A,0,6862.75,1,0,18997,1487851,ES.v.0
2026-02-16 14:18:09.356173791+00:00,2026-02-16 14:18:09.355915025+00:00,0,1,42140878,T,A,0,6862.75,2,0,13168,1487853,ES.v.0
2026-02-16 14:18:09.806853994+00:00,2026-02-16 14:18:09.806586653+00:00,0,1,42140878,T,B,0,6862.75,1,0,12586,1487934,ES.v.0
2026-02-16 14:18:09.807134741+00:00,2026-02-16 14:18:09.806832919+00:00,0,1,42140878,T,B,0,6862.75,1,0,12847,1487936,ES.v.0
2026-02-16 14:18:10.444329306+00:00,2026-02-16 14:18:10.443953585+00:00,0,1,42140878,T,A,0,6862.75,3,0,13367,1488021,ES.v.0
2026-02-16 14:18:10.444329306+00:00,2026-02-16 14:18:10.443953585+00:00,0,1,42140878,T,A,0,6862.5,1,0,13367,1488021,ES.v.0
2026-02-16 14:18:10.444704877+00:00,2026-02-16 14:18:10.444384509+00:00,0,1,42140878,T,B,0,6862.75,1,0,12803,1488033,ES.v.0
2026-02-16 14:18:10.444792885+00:00,2026-02-16 14:18:10.444384779+00:00,0,1,42140878,T,B,0,6862.75,2,0,12364,1488034,ES.v.0
2026-02-16 14:18:10.444848562+00:00,2026-02-16 14:18:10.444489549+00:00,0,1,42140878,T,B,0,6862.75,1,0,14421,1488035,ES.v.0
2026-02-16 14:18:10.445100722+00:00,2026-02-16 14:18:10.444874069+00:00,0,1,42140878,T,A,0,6862.75,1,0,14922,1488043,ES.v.0
2026-02-16 14:18:11.173124229+00:00,2026-02-16 14:18:11.172846773+00:00,0,1,42140878,T,B,0,6862.75,1,0,12245,1488118,ES.v.0
2026-02-16 14:18:11.752986541+00:00,2026-02-16 14:18:11.752706645+00:00,0,1,42140878,T,B,0,6863.0,1,0,15205,1488135,ES.v.0
2026-02-16 14:18:11.753383250+00:00,2026-02-16 14:18:11.753120923+00:00,0,1,42140878,T,A,0,6862.75,1,0,12731,1488146,ES.v.0
2026-02-16 14:18:11.842355248+00:00,2026-02-16 14:18:11.842096783+00:00,0,1,42140878,T,B,0,6862.75,1,0,13459,1488159,ES.v.0
2026-02-16 14:18:12.022479917+00:00,2026-02-16 14:18:12.022171393+00:00,0,1,42140878,T,B,0,6863.0,3,0,12921,1488181,ES.v.0
2026-02-16 14:18:12.022701378+00:00,2026-02-16 14:18:12.022450241+00:00,0,1,42140878,T,B,0,6863.0,1,0,13093,1488185,ES.v.0
2026-02-16 14:18:12.041581211+00:00,2026-02-16 14:18:12.041271731+00:00,0,1,42140878,T,A,0,6862.75,6,0,13599,1488218,ES.v.0
2026-02-16 14:18:12.590122683+00:00,2026-02-16 14:18:12.589843791+00:00,0,1,42140878,T,B,0,6862.75,1,0,13596,1488274,ES.v.0
2026-02-16 14:18:13.187289480+00:00,2026-02-16 14:18:13.187015079+00:00,0,1,42140878,T,B,0,6862.75,2,0,12899,1488293,ES.v.0
2026-02-16 14:18:14.223117637+00:00,2026-02-16 14:18:14.222850035+00:00,0,1,42140878,T,A,0,6862.75,1,0,12497,1488344,ES.v.0
2026-02-16 14:18:14.322570901+00:00,2026-02-16 14:18:14.322291087+00:00,0,1,42140878,T,A,0,6862.75,2,0,12797,1488364,ES.v.0
2026-02-16 14:18:14.499725659+00:00,2026-02-16 14:18:14.499473765+00:00,0,1,42140878,T,B,0,6862.75,2,0,13036,1488395,ES.v.0
2026-02-16 14:18:14.505590320+00:00,2026-02-16 14:18:14.505301265+00:00,0,1,42140878,T,A,0,6862.75,2,0,12738,1488409,ES.v.0
2026-02-16 14:18:15.047974237+00:00,2026-02-16 14:18:15.047674571+00:00,0,1,42140878,T,A,0,6862.5,2,0,12746,1488434,ES.v.0
2026-02-16 14:18:15.049440029+00:00,2026-02-16 14:18:15.049208757+00:00,0,1,42140878,T,B,0,6862.75,1,0,13803,1488454,ES.v.0
2026-02-16 14:18:19.010700842+00:00,2026-02-16 14:18:19.010417561+00:00,0,1,42140878,T,A,0,6862.75,1,0,12455,1488578,ES.v.0
2026-02-16 14:18:19.010981397+00:00,2026-02-16 14:18:19.010686023+00:00,0,1,42140878,T,A,0,6862.75,2,0,12554,1488582,ES.v.0
2026-02-16 14:18:19.012798082+00:00,2026-02-16 14:18:19.012587239+00:00,0,1,42140878,T,B,0,6862.75,1,0,12852,1488594,ES.v.0
2026-02-16 14:18:19.325785354+00:00,2026-02-16 14:18:19.325453509+00:00,0,1,42140878,T,B,0,6863.0,3,0,12614,1488616,ES.v.0
2026-02-16 14:18:19.325844544+00:00,2026-02-16 14:18:19.325617277+00:00,0,1,42140878,T,B,0,6863.0,2,0,13192,1488617,ES.v.0
2026-02-16 14:18:19.332190272+00:00,2026-02-16 14:18:19.331925659+00:00,0,1,42140878,T,B,0,6863.25,1,0,12724,1488675,ES.v.0
2026-02-16 14:18:19.332237119+00:00,2026-02-16 14:18:19.332012459+00:00,0,1,42140878,T,B,0,6863.25,1,0,11973,1488676,ES.v.0
2026-02-16 14:18:19.332484095+00:00,2026-02-16 14:18:19.332246613+00:00,0,1,42140878,T,B,0,6863.25,3,0,12614,1488677,ES.v.0
2026-02-16 14:18:19.818425205+00:00,2026-02-16 14:18:19.818125197+00:00,0,1,42140878,T,B,0,6863.5,3,0,12940,1488791,ES.v.0
2026-02-16 14:18:19.856421681+00:00,2026-02-16 14:18:19.856141275+00:00,0,1,42140878,T,A,0,6863.5,2,0,13597,1488827,ES.v.0
2026-02-16 14:18:19.921297192+00:00,2026-02-16 14:18:19.921057347+00:00,0,1,42140878,T,B,0,6863.5,1,0,13793,1488838,ES.v.0
2026-02-16 14:18:20.074980362+00:00,2026-02-16 14:18:20.074703053+00:00,0,1,42140878,T,B,0,6863.75,2,0,12609,1488893,ES.v.0
2026-02-16 14:18:20.075046695+00:00,2026-02-16 14:18:20.074714379+00:00,0,1,42140878,T,B,0,6863.75,5,0,13174,1488894,ES.v.0
2026-02-16 14:18:20.075090563+00:00,2026-02-16 14:18:20.074720257+00:00,0,1,42140878,T,B,0,6863.75,5,0,13781,1488895,ES.v.0
2026-02-16 14:18:20.093046925+00:00,2026-02-16 14:18:20.092771935+00:00,0,1,42140878,T,A,0,6863.75,2,0,12644,1488951,ES.v.0
2026-02-16 14:18:20.319724573+00:00,2026-02-16 14:18:20.319449543+00:00,0,1,42140878,T,A,0,6863.5,2,0,13274,1488981,ES.v.0
2026-02-16 14:18:20.319968803+00:00,2026-02-16 14:18:20.319728335+00:00,0,1,42140878,T,A,0,6863.5,1,0,12733,1488986,ES.v.0
2026-02-16 14:18:20.320047500+00:00,2026-02-16 14:18:20.319747687+00:00,0,1,42140878,T,A,0,6863.5,1,0,11130,1488988,ES.v.0
2026-02-16 14:18:20.320332029+00:00,2026-02-16 14:18:20.320073919+00:00,0,1,42140878,T,A,0,6863.5,1,0,12624,1488995,ES.v.0
2026-02-16 14:18:20.359332831+00:00,2026-02-16 14:18:20.359074165+00:00,0,1,42140878,T,B,0,6863.5,1,0,12505,1489010,ES.v.0
2026-02-16 14:18:20.656440984+00:00,2026-02-16 14:18:20.656180825+00:00,0,1,42140878,T,A,0,6863.5,3,0,12592,1489037,ES.v.0
2026-02-16 14:18:21.049134539+00:00,2026-02-16 14:18:21.048867297+00:00,0,1,42140878,T,B,0,6863.5,1,0,13378,1489091,ES.v.0
2026-02-16 14:18:21.049164624+00:00,2026-02-16 14:18:21.048867527+00:00,0,1,42140878,T,B,0,6863.5,1,0,11644,1489092,ES.v.0
2026-02-16 14:18:21.802982279+00:00,2026-02-16 14:18:21.802609259+00:00,0,1,42140878,T,B,0,6863.75,6,0,12869,1489187,ES.v.0
2026-02-16 14:18:21.803207579+00:00,2026-02-16 14:18:21.802986005+00:00,0,1,42140878,T,B,0,6863.75,1,0,12665,1489192,ES.v.0
2026-02-16 14:18:21.803447029+00:00,2026-02-16 14:18:21.803220733+00:00,0,1,42140878,T,A,0,6863.75,1,0,13012,1489197,ES.v.0
2026-02-16 14:18:22.779943221+00:00,2026-02-16 14:18:22.779513613+00:00,0,1,42140878,T,B,0,6863.75,6,0,13432,1489262,ES.v.0
2026-02-16 14:18:22.779943221+00:00,2026-02-16 14:18:22.779513613+00:00,0,1,42140878,T,B,0,6864.0,2,0,13432,1489262,ES.v.0
2026-02-16 14:18:22.780398930+00:00,2026-02-16 14:18:22.779964679+00:00,0,1,42140878,T,A,0,6863.75,5,0,12653,1489268,ES.v.0
2026-02-16 14:18:22.846446848+00:00,2026-02-16 14:18:22.846189307+00:00,0,1,42140878,T,B,0,6863.75,1,0,14242,1489297,ES.v.0
2026-02-16 14:18:23.018576210+00:00,2026-02-16 14:18:23.018338485+00:00,0,1,42140878,T,A,0,6863.5,1,0,13719,1489328,ES.v.0
2026-02-16 14:18:23.018780807+00:00,2026-02-16 14:18:23.018579665+00:00,0,1,42140878,T,A,0,6863.5,1,0,12448,1489332,ES.v.0
2026-02-16 14:18:23.036968575+00:00,2026-02-16 14:18:23.036690593+00:00,0,1,42140878,T,B,0,6863.5,1,0,14912,1489345,ES.v.0
2026-02-16 14:18:23.110346413+00:00,2026-02-16 14:18:23.110112007+00:00,0,1,42140878,T,A,0,6863.5,1,0,13176,1489372,ES.v.0
2026-02-16 14:18:23.110399927+00:00,2026-02-16 14:18:23.110139441+00:00,0,1,42140878,T,A,0,6863.5,1,0,13514,1489373,ES.v.0
2026-02-16 14:18:23.110444501+00:00,2026-02-16 14:18:23.110140171+00:00,0,1,42140878,T,A,0,6863.5,2,0,13175,1489374,ES.v.0
2026-02-16 14:18:23.250364784+00:00,2026-02-16 14:18:23.250077313+00:00,0,1,42140878,T,B,0,6863.5,2,0,13056,1489395,ES.v.0
2026-02-16 14:18:23.882140631+00:00,2026-02-16 14:18:23.881435619+00:00,0,1,42140878,T,A,0,6863.25,12,0,15709,1489431,ES.v.0
2026-02-16 14:18:23.882140631+00:00,2026-02-16 14:18:23.881435619+00:00,0,1,42140878,T,A,0,6863.0,22,0,15709,1489431,ES.v.0
2026-02-16 14:18:23.882140631+00:00,2026-02-16 14:18:23.881435619+00:00,0,1,42140878,T,A,0,6862.75,20,0,15709,1489431,ES.v.0
2026-02-16 14:18:23.882140631+00:00,2026-02-16 14:18:23.881435619+00:00,0,1,42140878,T,A,0,6862.5,7,0,15709,1489431,ES.v.0
2026-02-16 14:18:23.883832619+00:00,2026-02-16 14:18:23.882424759+00:00,0,1,42140878,T,A,0,6862.75,1,0,12685,1489484,ES.v.0
2026-02-16 14:18:23.887319867+00:00,2026-02-16 14:18:23.887047705+00:00,0,1,42140878,T,A,0,6862.75,3,0,12662,1489497,ES.v.0
2026-02-16 14:18:23.891323147+00:00,2026-02-16 14:18:23.891116523+00:00,0,1,42140878,T,B,0,6862.75,1,0,12698,1489509,ES.v.0
2026-02-16 14:18:24.142724631+00:00,2026-02-16 14:18:24.142393491+00:00,0,1,42140878,T,B,0,6863.0,3,0,14172,1489590,ES.v.0
2026-02-16 14:18:24.935645229+00:00,2026-02-16 14:18:24.935369335+00:00,0,1,42140878,T,A,0,6862.75,2,0,13959,1489642,ES.v.0
2026-02-16 14:18:24.935709335+00:00,2026-02-16 14:18:24.935371733+00:00,0,1,42140878,T,A,0,6862.75,3,0,12888,1489643,ES.v.0
2026-02-16 14:18:24.935955523+00:00,2026-02-16 14:18:24.935422861+00:00,0,1,42140878,T,A,0,6862.5,8,0,12627,1489648,ES.v.0
2026-02-16 14:18:24.936882855+00:00,2026-02-16 14:18:24.935762301+00:00,0,1,42140878,T,A,0,6862.25,2,0,12921,1489679,ES.v.0
2026-02-16 14:18:24.937243469+00:00,2026-02-16 14:18:24.936596101+00:00,0,1,42140878,T,A,0,6862.25,2,0,13517,1489694,ES.v.0
2026-02-16 14:18:24.937308016+00:00,2026-02-16 14:18:24.936599731+00:00,0,1,42140878,T,A,0,6862.25,4,0,12217,1489695,ES.v.0
2026-02-16 14:18:24.937647205+00:00,2026-02-16 14:18:24.937351013+00:00,0,1,42140878,T,B,0,6862.25,1,0,13362,1489711,ES.v.0
2026-02-16 14:18:24.937730240+00:00,2026-02-16 14:18:24.937472179+00:00,0,1,42140878,T,A,0,6862.25,1,0,11672,1489713,ES.v.0
2026-02-16 14:18:24.947307699+00:00,2026-02-16 14:18:24.947056225+00:00,0,1,42140878,T,A,0,6862.25,2,0,13545,1489734,ES.v.0
2026-02-16 14:18:24.947538931+00:00,2026-02-16 14:18:24.947310581+00:00,0,1,42140878,T,A,0,6862.25,1,0,12483,1489737,ES.v.0
2026-02-16 14:18:24.947830967+00:00,2026-02-16 14:18:24.947573373+00:00,0,1,42140878,T,B,0,6862.25,2,0,14236,1489744,ES.v.0
2026-02-16 14:18:24.948036589+00:00,2026-02-16 14:18:24.947804531+00:00,0,1,42140878,T,B,0,6862.25,2,0,12906,1489747,ES.v.0
2026-02-16 14:18:24.948289594+00:00,2026-02-16 14:18:24.948083495+00:00,0,1,42140878,T,A,0,6862.25,1,0,12570,1489753,ES.v.0
2026-02-16 14:18:25.126166133+00:00,2026-02-16 14:18:25.125904333+00:00,0,1,42140878,T,B,0,6862.25,1,0,12509,1489864,ES.v.0
2026-02-16 14:18:25.488832933+00:00,2026-02-16 14:18:25.488562189+00:00,0,1,42140878,T,B,0,6862.25,1,0,13123,1489893,ES.v.0
2026-02-16 14:18:25.740501225+00:00,2026-02-16 14:18:25.740226939+00:00,0,1,42140878,T,A,0,6862.0,1,0,14527,1489906,ES.v.0
2026-02-16 14:18:26.116124698+00:00,2026-02-16 14:18:26.115816731+00:00,0,1,42140878,T,B,0,6862.25,5,0,16004,1489947,ES.v.0
2026-02-16 14:18:26.116361056+00:00,2026-02-16 14:18:26.116071077+00:00,0,1,42140878,T,B,0,6862.25,1,0,12526,1489949,ES.v.0
2026-02-16 14:18:26.117305551+00:00,2026-02-16 14:18:26.117087467+00:00,0,1,42140878,T,A,0,6862.25,1,0,12594,1489955,ES.v.0
2026-02-16 14:18:26.847389499+00:00,2026-02-16 14:18:26.847133253+00:00,0,1,42140878,T,A,0,6862.0,1,0,13177,1489982,ES.v.0
2026-02-16 14:18:27.322566682+00:00,2026-02-16 14:18:27.322301257+00:00,0,1,42140878,T,B,0,6862.25,1,0,13562,1489997,ES.v.0
2026-02-16 14:18:32.340717287+00:00,2026-02-16 14:18:32.340365019+00:00,0,1,42140878,T,A,0,6862.0,7,0,13035,1490103,ES.v.0
2026-02-16 14:18:32.340741227+00:00,2026-02-16 14:18:32.340365199+00:00,0,1,42140878,T,A,0,6862.0,1,0,13146,1490104,ES.v.0
2026-02-16 14:18:32.340856517+00:00,2026-02-16 14:18:32.340628989+00:00,0,1,42140878,T,A,0,6862.0,3,0,12976,1490105,ES.v.0
2026-02-16 14:18:32.344176466+00:00,2026-02-16 14:18:32.343860361+00:00,0,1,42140878,T,A,0,6861.75,1,0,12926,1490167,ES.v.0
2026-02-16 14:18:32.344186891+00:00,2026-02-16 14:18:32.343860361+00:00,0,1,42140878,T,A,0,6861.75,2,0,11878,1490168,ES.v.0
2026-02-16 14:18:32.344514599+00:00,2026-02-16 14:18:32.344275447+00:00,0,1,42140878,T,B,0,6861.75,1,0,13037,1490173,ES.v.0
